PokerStars Hand #186262470420: Tournament #2301843878, $1.40+$0.10 USD Hold'em No Limit - Match Round I, Level I (10/20) - 2018/05/10 22:59:10 CET [2018/05/10 16:59:10 ET]
Table '2301843878 2' 2-max Seat #1 is the button
Seat 1: ollikahn23 (1500 in chips) 
Seat 2: nubira57 (1500 in chips) 
ollikahn23: posts small blind 10
nubira57: posts big blind 20
*** HOLE CARDS ***
Dealt to ollikahn23 [3d 4d]
ollikahn23: folds 
Uncalled bet (10) returned to nubira57
nubira57 collected 20 from pot
nubira57: doesn't show hand 
*** SUMMARY ***
Total pot 20 | Rake 0 
Seat 1: ollikahn23 (button) (small blind) folded before Flop
Seat 2: nubira57 (big blind) collected (20)



PokerStars Hand #186262474837: Tournament #2301843878, $1.40+$0.10 USD Hold'em No Limit - Match Round I, Level I (10/20) - 2018/05/10 22:59:17 CET [2018/05/10 16:59:17 ET]
Table '2301843878 2' 2-max Seat #2 is the button
Seat 1: ollikahn23 (1490 in chips) 
Seat 2: nubira57 (1510 in chips) 
nubira57: posts small blind 10
ollikahn23: posts big blind 20
*** HOLE CARDS ***
Dealt to ollikahn23 [Js Jc]
nubira57: folds 
Uncalled bet (10) returned to ollikahn23
ollikahn23 collected 20 from pot
ollikahn23: doesn't show hand 
*** SUMMARY ***
Total pot 20 | Rake 0 
Seat 1: ollikahn23 (big blind) collected (20)
Seat 2: nubira57 (button) (small blind) folded before Flop



PokerStars Hand #186262478032: Tournament #2301843878, $1.40+$0.10 USD Hold'em No Limit - Match Round I, Level I (10/20) - 2018/05/10 22:59:22 CET [2018/05/10 16:59:22 ET]
Table '2301843878 2' 2-max Seat #1 is the button
Seat 1: ollikahn23 (1500 in chips) 
Seat 2: nubira57 (1500 in chips) 
ollikahn23: posts small blind 10
nubira57: posts big blind 20
*** HOLE CARDS ***
Dealt to ollikahn23 [Qs Jc]
ollikahn23: raises 20 to 40
nubira57: calls 20
*** FLOP *** [Kc Th Kh]
nubira57: checks 
ollikahn23: checks 
*** TURN *** [Kc Th Kh] [5s]
nubira57: checks 
ollikahn23: bets 40
nubira57: folds 
Uncalled bet (40) returned to ollikahn23
ollikahn23 collected 80 from pot
ollikahn23: doesn't show hand 
*** SUMMARY ***
Total pot 80 | Rake 0 
Board [Kc Th Kh 5s]
Seat 1: ollikahn23 (button) (small blind) collected (80)
Seat 2: nubira57 (big blind) folded on the Turn



PokerStars Hand #186262489801: Tournament #2301843878, $1.40+$0.10 USD Hold'em No Limit - Match Round I, Level I (10/20) - 2018/05/10 22:59:42 CET [2018/05/10 16:59:42 ET]
Table '2301843878 2' 2-max Seat #2 is the button
Seat 1: ollikahn23 (1540 in chips) 
Seat 2: nubira57 (1460 in chips) 
nubira57: posts small blind 10
ollikahn23: posts big blind 20
*** HOLE CARDS ***
Dealt to ollikahn23 [7h Ts]
nubira57: raises 20 to 40
ollikahn23: folds 
Uncalled bet (20) returned to nubira57
nubira57 collected 40 from pot
nubira57: doesn't show hand 
*** SUMMARY ***
Total pot 40 | Rake 0 
Seat 1: ollikahn23 (big blind) folded before Flop
Seat 2: nubira57 (button) (small blind) collected (40)



PokerStars Hand #186262493816: Tournament #2301843878, $1.40+$0.10 USD Hold'em No Limit - Match Round I, Level I (10/20) - 2018/05/10 22:59:48 CET [2018/05/10 16:59:48 ET]
Table '2301843878 2' 2-max Seat #1 is the button
Seat 1: ollikahn23 (1520 in chips) 
Seat 2: nubira57 (1480 in chips) 
ollikahn23: posts small blind 10
nubira57: posts big blind 20
*** HOLE CARDS ***
Dealt to ollikahn23 [Qh 3d]
ollikahn23: raises 20 to 40
nubira57: calls 20
*** FLOP *** [Ac 5s As]
nubira57: checks 
ollikahn23: checks 
*** TURN *** [Ac 5s As] [4d]
nubira57: checks 
ollikahn23: bets 45
nubira57: folds 
Uncalled bet (45) returned to ollikahn23
ollikahn23 collected 80 from pot
ollikahn23: doesn't show hand 
*** SUMMARY ***
Total pot 80 | Rake 0 
Board [Ac 5s As 4d]
Seat 1: ollikahn23 (button) (small blind) collected (80)
Seat 2: nubira57 (big blind) folded on the Turn



PokerStars Hand #186262505624: Tournament #2301843878, $1.40+$0.10 USD Hold'em No Limit - Match Round I, Level I (10/20) - 2018/05/10 23:00:08 CET [2018/05/10 17:00:08 ET]
Table '2301843878 2' 2-max Seat #2 is the button
Seat 1: ollikahn23 (1560 in chips) 
Seat 2: nubira57 (1440 in chips) 
nubira57: posts small blind 10
ollikahn23: posts big blind 20
*** HOLE CARDS ***
Dealt to ollikahn23 [9c Td]
nubira57: raises 40 to 60
ollikahn23: folds 
Uncalled bet (40) returned to nubira57
nubira57 collected 40 from pot
nubira57: doesn't show hand 
*** SUMMARY ***
Total pot 40 | Rake 0 
Seat 1: ollikahn23 (big blind) folded before Flop
Seat 2: nubira57 (button) (small blind) collected (40)



PokerStars Hand #186262510661: Tournament #2301843878, $1.40+$0.10 USD Hold'em No Limit - Match Round I, Level I (10/20) - 2018/05/10 23:00:16 CET [2018/05/10 17:00:16 ET]
Table '2301843878 2' 2-max Seat #1 is the button
Seat 1: ollikahn23 (1540 in chips) 
Seat 2: nubira57 (1460 in chips) 
ollikahn23: posts small blind 10
nubira57: posts big blind 20
*** HOLE CARDS ***
Dealt to ollikahn23 [6c 4h]
ollikahn23: folds 
Uncalled bet (10) returned to nubira57
nubira57 collected 20 from pot
nubira57: doesn't show hand 
*** SUMMARY ***
Total pot 20 | Rake 0 
Seat 1: ollikahn23 (button) (small blind) folded before Flop
Seat 2: nubira57 (big blind) collected (20)



PokerStars Hand #186262513786: Tournament #2301843878, $1.40+$0.10 USD Hold'em No Limit - Match Round I, Level I (10/20) - 2018/05/10 23:00:21 CET [2018/05/10 17:00:21 ET]
Table '2301843878 2' 2-max Seat #2 is the button
Seat 1: ollikahn23 (1530 in chips) 
Seat 2: nubira57 (1470 in chips) 
nubira57: posts small blind 10
ollikahn23: posts big blind 20
*** HOLE CARDS ***
Dealt to ollikahn23 [Ks 8h]
nubira57: calls 10
ollikahn23: checks 
*** FLOP *** [5s Ts 3d]
ollikahn23: checks 
nubira57: checks 
*** TURN *** [5s Ts 3d] [Js]
ollikahn23: bets 25
nubira57: calls 25
*** RIVER *** [5s Ts 3d Js] [3h]
ollikahn23: bets 55
nubira57: folds 
Uncalled bet (55) returned to ollikahn23
ollikahn23 collected 90 from pot
ollikahn23: doesn't show hand 
*** SUMMARY ***
Total pot 90 | Rake 0 
Board [5s Ts 3d Js 3h]
Seat 1: ollikahn23 (big blind) collected (90)
Seat 2: nubira57 (button) (small blind) folded on the River



PokerStars Hand #186262528273: Tournament #2301843878, $1.40+$0.10 USD Hold'em No Limit - Match Round I, Level I (10/20) - 2018/05/10 23:00:44 CET [2018/05/10 17:00:44 ET]
Table '2301843878 2' 2-max Seat #1 is the button
Seat 1: ollikahn23 (1575 in chips) 
Seat 2: nubira57 (1425 in chips) 
ollikahn23: posts small blind 10
nubira57: posts big blind 20
*** HOLE CARDS ***
Dealt to ollikahn23 [8d 4h]
ollikahn23: folds 
Uncalled bet (10) returned to nubira57
nubira57 collected 20 from pot
nubira57: doesn't show hand 
*** SUMMARY ***
Total pot 20 | Rake 0 
Seat 1: ollikahn23 (button) (small blind) folded before Flop
Seat 2: nubira57 (big blind) collected (20)



PokerStars Hand #186262534732: Tournament #2301843878, $1.40+$0.10 USD Hold'em No Limit - Match Round I, Level I (10/20) - 2018/05/10 23:00:54 CET [2018/05/10 17:00:54 ET]
Table '2301843878 2' 2-max Seat #2 is the button
Seat 1: ollikahn23 (1565 in chips) 
Seat 2: nubira57 (1435 in chips) 
nubira57: posts small blind 10
ollikahn23: posts big blind 20
*** HOLE CARDS ***
Dealt to ollikahn23 [5c Qh]
nubira57: folds 
Uncalled bet (10) returned to ollikahn23
ollikahn23 collected 20 from pot
ollikahn23: doesn't show hand 
*** SUMMARY ***
Total pot 20 | Rake 0 
Seat 1: ollikahn23 (big blind) collected (20)
Seat 2: nubira57 (button) (small blind) folded before Flop



PokerStars Hand #186262538299: Tournament #2301843878, $1.40+$0.10 USD Hold'em No Limit - Match Round I, Level I (10/20) - 2018/05/10 23:00:59 CET [2018/05/10 17:00:59 ET]
Table '2301843878 2' 2-max Seat #1 is the button
Seat 1: ollikahn23 (1575 in chips) 
Seat 2: nubira57 (1425 in chips) 
ollikahn23: posts small blind 10
nubira57: posts big blind 20
*** HOLE CARDS ***
Dealt to ollikahn23 [Ah 7s]
ollikahn23: raises 20 to 40
nubira57: raises 20 to 60
ollikahn23: calls 20
*** FLOP *** [5s Kh 4h]
nubira57: bets 60
ollikahn23: calls 60
*** TURN *** [5s Kh 4h] [2c]
nubira57: checks 
ollikahn23: bets 135
nubira57: raises 135 to 270
ollikahn23: folds 
Uncalled bet (135) returned to nubira57
nubira57 collected 510 from pot
nubira57: doesn't show hand 
*** SUMMARY ***
Total pot 510 | Rake 0 
Board [5s Kh 4h 2c]
Seat 1: ollikahn23 (button) (small blind) folded on the Turn
Seat 2: nubira57 (big blind) collected (510)



PokerStars Hand #186262563417: Tournament #2301843878, $1.40+$0.10 USD Hold'em No Limit - Match Round I, Level I (10/20) - 2018/05/10 23:01:34 CET [2018/05/10 17:01:34 ET]
Table '2301843878 2' 2-max Seat #2 is the button
Seat 1: ollikahn23 (1320 in chips) 
Seat 2: nubira57 (1680 in chips) 
nubira57: posts small blind 10
ollikahn23: posts big blind 20
*** HOLE CARDS ***
Dealt to ollikahn23 [7c Qh]
nubira57: calls 10
ollikahn23: checks 
*** FLOP *** [Td 7d 9c]
ollikahn23: checks 
nubira57: checks 
*** TURN *** [Td 7d 9c] [Jd]
ollikahn23: checks 
nubira57: bets 40
ollikahn23: folds 
Uncalled bet (40) returned to nubira57
nubira57 collected 40 from pot
nubira57: doesn't show hand 
*** SUMMARY ***
Total pot 40 | Rake 0 
Board [Td 7d 9c Jd]
Seat 1: ollikahn23 (big blind) folded on the Turn
Seat 2: nubira57 (button) (small blind) collected (40)



PokerStars Hand #186262577236: Tournament #2301843878, $1.40+$0.10 USD Hold'em No Limit - Match Round I, Level I (10/20) - 2018/05/10 23:01:52 CET [2018/05/10 17:01:52 ET]
Table '2301843878 2' 2-max Seat #1 is the button
Seat 1: ollikahn23 (1300 in chips) 
Seat 2: nubira57 (1700 in chips) 
ollikahn23: posts small blind 10
nubira57: posts big blind 20
*** HOLE CARDS ***
Dealt to ollikahn23 [7d 3d]
ollikahn23: folds 
Uncalled bet (10) returned to nubira57
nubira57 collected 20 from pot
nubira57: doesn't show hand 
*** SUMMARY ***
Total pot 20 | Rake 0 
Seat 1: ollikahn23 (button) (small blind) folded before Flop
Seat 2: nubira57 (big blind) collected (20)



PokerStars Hand #186262582129: Tournament #2301843878, $1.40+$0.10 USD Hold'em No Limit - Match Round I, Level I (10/20) - 2018/05/10 23:01:59 CET [2018/05/10 17:01:59 ET]
Table '2301843878 2' 2-max Seat #2 is the button
Seat 1: ollikahn23 (1290 in chips) 
Seat 2: nubira57 (1710 in chips) 
nubira57: posts small blind 10
ollikahn23: posts big blind 20
*** HOLE CARDS ***
Dealt to ollikahn23 [6h 4d]
nubira57: calls 10
ollikahn23: checks 
*** FLOP *** [2s 9c 7s]
ollikahn23: checks 
nubira57: checks 
*** TURN *** [2s 9c 7s] [3c]
ollikahn23: checks 
nubira57: checks 
*** RIVER *** [2s 9c 7s 3c] [Kc]
ollikahn23: bets 25
nubira57: folds 
Uncalled bet (25) returned to ollikahn23
ollikahn23 collected 40 from pot
ollikahn23: doesn't show hand 
*** SUMMARY ***
Total pot 40 | Rake 0 
Board [2s 9c 7s 3c Kc]
Seat 1: ollikahn23 (big blind) collected (40)
Seat 2: nubira57 (button) (small blind) folded on the River



PokerStars Hand #186262599358: Tournament #2301843878, $1.40+$0.10 USD Hold'em No Limit - Match Round I, Level II (15/30) - 2018/05/10 23:02:21 CET [2018/05/10 17:02:21 ET]
Table '2301843878 2' 2-max Seat #1 is the button
Seat 1: ollikahn23 (1310 in chips) 
Seat 2: nubira57 (1690 in chips) 
ollikahn23: posts small blind 15
nubira57: posts big blind 30
*** HOLE CARDS ***
Dealt to ollikahn23 [2d Ad]
ollikahn23: raises 30 to 60
nubira57: raises 120 to 180
ollikahn23: folds 
Uncalled bet (120) returned to nubira57
nubira57 collected 120 from pot
nubira57: doesn't show hand 
*** SUMMARY ***
Total pot 120 | Rake 0 
Seat 1: ollikahn23 (button) (small blind) folded before Flop
Seat 2: nubira57 (big blind) collected (120)



PokerStars Hand #186262613171: Tournament #2301843878, $1.40+$0.10 USD Hold'em No Limit - Match Round I, Level II (15/30) - 2018/05/10 23:02:38 CET [2018/05/10 17:02:38 ET]
Table '2301843878 2' 2-max Seat #2 is the button
Seat 1: ollikahn23 (1250 in chips) 
Seat 2: nubira57 (1750 in chips) 
nubira57: posts small blind 15
ollikahn23: posts big blind 30
*** HOLE CARDS ***
Dealt to ollikahn23 [8d 5c]
nubira57: calls 15
ollikahn23: checks 
*** FLOP *** [As Qc Kd]
ollikahn23: checks 
nubira57: checks 
*** TURN *** [As Qc Kd] [Qs]
ollikahn23: bets 35
nubira57: calls 35
*** RIVER *** [As Qc Kd Qs] [Ts]
ollikahn23: checks 
nubira57: bets 130
ollikahn23: folds 
Uncalled bet (130) returned to nubira57
nubira57 collected 130 from pot
nubira57: doesn't show hand 
*** SUMMARY ***
Total pot 130 | Rake 0 
Board [As Qc Kd Qs Ts]
Seat 1: ollikahn23 (big blind) folded on the River
Seat 2: nubira57 (button) (small blind) collected (130)



PokerStars Hand #186262638282: Tournament #2301843878, $1.40+$0.10 USD Hold'em No Limit - Match Round I, Level II (15/30) - 2018/05/10 23:03:08 CET [2018/05/10 17:03:08 ET]
Table '2301843878 2' 2-max Seat #1 is the button
Seat 1: ollikahn23 (1185 in chips) 
Seat 2: nubira57 (1815 in chips) 
ollikahn23: posts small blind 15
nubira57: posts big blind 30
*** HOLE CARDS ***
Dealt to ollikahn23 [Qd 7h]
ollikahn23: raises 30 to 60
nubira57: raises 150 to 210
ollikahn23: folds 
Uncalled bet (150) returned to nubira57
nubira57 collected 120 from pot
nubira57: doesn't show hand 
*** SUMMARY ***
Total pot 120 | Rake 0 
Seat 1: ollikahn23 (button) (small blind) folded before Flop
Seat 2: nubira57 (big blind) collected (120)



PokerStars Hand #186262650559: Tournament #2301843878, $1.40+$0.10 USD Hold'em No Limit - Match Round I, Level II (15/30) - 2018/05/10 23:03:24 CET [2018/05/10 17:03:24 ET]
Table '2301843878 2' 2-max Seat #2 is the button
Seat 1: ollikahn23 (1125 in chips) 
Seat 2: nubira57 (1875 in chips) 
nubira57: posts small blind 15
ollikahn23: posts big blind 30
*** HOLE CARDS ***
Dealt to ollikahn23 [6d Th]
nubira57: calls 15
ollikahn23: checks 
*** FLOP *** [3d Js Ts]
ollikahn23: checks 
nubira57: checks 
*** TURN *** [3d Js Ts] [Ah]
ollikahn23: checks 
nubira57: bets 60
ollikahn23: calls 60
*** RIVER *** [3d Js Ts Ah] [4s]
ollikahn23: checks 
nubira57: checks 
*** SHOW DOWN ***
ollikahn23: shows [6d Th] (a pair of Tens)
nubira57: shows [Qd Ad] (a pair of Aces)
nubira57 collected 180 from pot
*** SUMMARY ***
Total pot 180 | Rake 0 
Board [3d Js Ts Ah 4s]
Seat 1: ollikahn23 (big blind) showed [6d Th] and lost with a pair of Tens
Seat 2: nubira57 (button) (small blind) showed [Qd Ad] and won (180) with a pair of Aces



PokerStars Hand #186262667259: Tournament #2301843878, $1.40+$0.10 USD Hold'em No Limit - Match Round I, Level II (15/30) - 2018/05/10 23:03:44 CET [2018/05/10 17:03:44 ET]
Table '2301843878 2' 2-max Seat #1 is the button
Seat 1: ollikahn23 (1035 in chips) 
Seat 2: nubira57 (1965 in chips) 
ollikahn23: posts small blind 15
nubira57: posts big blind 30
*** HOLE CARDS ***
Dealt to ollikahn23 [Th 9s]
ollikahn23: raises 30 to 60
nubira57: calls 30
*** FLOP *** [As 3c 4c]
nubira57: checks 
ollikahn23: checks 
*** TURN *** [As 3c 4c] [Kc]
nubira57: checks 
ollikahn23: bets 75
nubira57: calls 75
*** RIVER *** [As 3c 4c Kc] [Td]
nubira57: checks 
ollikahn23: checks 
*** SHOW DOWN ***
nubira57: shows [Kh 5d] (a pair of Kings)
ollikahn23: mucks hand 
nubira57 collected 270 from pot
*** SUMMARY ***
Total pot 270 | Rake 0 
Board [As 3c 4c Kc Td]
Seat 1: ollikahn23 (button) (small blind) mucked [Th 9s]
Seat 2: nubira57 (big blind) showed [Kh 5d] and won (270) with a pair of Kings



PokerStars Hand #186262683010: Tournament #2301843878, $1.40+$0.10 USD Hold'em No Limit - Match Round I, Level II (15/30) - 2018/05/10 23:04:04 CET [2018/05/10 17:04:04 ET]
Table '2301843878 2' 2-max Seat #2 is the button
Seat 1: ollikahn23 (900 in chips) 
Seat 2: nubira57 (2100 in chips) 
nubira57: posts small blind 15
ollikahn23: posts big blind 30
*** HOLE CARDS ***
Dealt to ollikahn23 [Ac Qh]
nubira57: folds 
Uncalled bet (15) returned to ollikahn23
ollikahn23 collected 30 from pot
ollikahn23: doesn't show hand 
*** SUMMARY ***
Total pot 30 | Rake 0 
Seat 1: ollikahn23 (big blind) collected (30)
Seat 2: nubira57 (button) (small blind) folded before Flop



PokerStars Hand #186262687150: Tournament #2301843878, $1.40+$0.10 USD Hold'em No Limit - Match Round I, Level II (15/30) - 2018/05/10 23:04:09 CET [2018/05/10 17:04:09 ET]
Table '2301843878 2' 2-max Seat #1 is the button
Seat 1: ollikahn23 (915 in chips) 
Seat 2: nubira57 (2085 in chips) 
ollikahn23: posts small blind 15
nubira57: posts big blind 30
*** HOLE CARDS ***
Dealt to ollikahn23 [8s 9c]
ollikahn23: folds 
Uncalled bet (15) returned to nubira57
nubira57 collected 30 from pot
nubira57: doesn't show hand 
*** SUMMARY ***
Total pot 30 | Rake 0 
Seat 1: ollikahn23 (button) (small blind) folded before Flop
Seat 2: nubira57 (big blind) collected (30)



PokerStars Hand #186262691653: Tournament #2301843878, $1.40+$0.10 USD Hold'em No Limit - Match Round I, Level II (15/30) - 2018/05/10 23:04:14 CET [2018/05/10 17:04:14 ET]
Table '2301843878 2' 2-max Seat #2 is the button
Seat 1: ollikahn23 (900 in chips) 
Seat 2: nubira57 (2100 in chips) 
nubira57: posts small blind 15
ollikahn23: posts big blind 30
*** HOLE CARDS ***
Dealt to ollikahn23 [6h 2c]
nubira57: calls 15
ollikahn23: checks 
*** FLOP *** [Tc 3d As]
ollikahn23: checks 
nubira57: checks 
*** TURN *** [Tc 3d As] [7s]
ollikahn23: checks 
nubira57: checks 
*** RIVER *** [Tc 3d As 7s] [3s]
ollikahn23: bets 35
nubira57: calls 35
*** SHOW DOWN ***
ollikahn23: shows [6h 2c] (a pair of Threes)
nubira57: shows [Ks Jc] (a pair of Threes - Ace+King kicker)
nubira57 collected 130 from pot
*** SUMMARY ***
Total pot 130 | Rake 0 
Board [Tc 3d As 7s 3s]
Seat 1: ollikahn23 (big blind) showed [6h 2c] and lost with a pair of Threes
Seat 2: nubira57 (button) (small blind) showed [Ks Jc] and won (130) with a pair of Threes



PokerStars Hand #186262705345: Tournament #2301843878, $1.40+$0.10 USD Hold'em No Limit - Match Round I, Level II (15/30) - 2018/05/10 23:04:31 CET [2018/05/10 17:04:31 ET]
Table '2301843878 2' 2-max Seat #1 is the button
Seat 1: ollikahn23 (835 in chips) 
Seat 2: nubira57 (2165 in chips) 
ollikahn23: posts small blind 15
nubira57: posts big blind 30
*** HOLE CARDS ***
Dealt to ollikahn23 [Kd Th]
ollikahn23: raises 30 to 60
nubira57: calls 30
*** FLOP *** [3c Qh 6h]
nubira57: checks 
ollikahn23: checks 
*** TURN *** [3c Qh 6h] [Qc]
nubira57: checks 
ollikahn23: bets 55
nubira57: folds 
Uncalled bet (55) returned to ollikahn23
ollikahn23 collected 120 from pot
ollikahn23: doesn't show hand 
*** SUMMARY ***
Total pot 120 | Rake 0 
Board [3c Qh 6h Qc]
Seat 1: ollikahn23 (button) (small blind) collected (120)
Seat 2: nubira57 (big blind) folded on the Turn



PokerStars Hand #186262720522: Tournament #2301843878, $1.40+$0.10 USD Hold'em No Limit - Match Round I, Level II (15/30) - 2018/05/10 23:04:50 CET [2018/05/10 17:04:50 ET]
Table '2301843878 2' 2-max Seat #2 is the button
Seat 1: ollikahn23 (895 in chips) 
Seat 2: nubira57 (2105 in chips) 
nubira57: posts small blind 15
ollikahn23: posts big blind 30
*** HOLE CARDS ***
Dealt to ollikahn23 [3s 2h]
nubira57: raises 60 to 90
ollikahn23: folds 
Uncalled bet (60) returned to nubira57
nubira57 collected 60 from pot
nubira57: doesn't show hand 
*** SUMMARY ***
Total pot 60 | Rake 0 
Seat 1: ollikahn23 (big blind) folded before Flop
Seat 2: nubira57 (button) (small blind) collected (60)



PokerStars Hand #186262726828: Tournament #2301843878, $1.40+$0.10 USD Hold'em No Limit - Match Round I, Level II (15/30) - 2018/05/10 23:04:58 CET [2018/05/10 17:04:58 ET]
Table '2301843878 2' 2-max Seat #1 is the button
Seat 1: ollikahn23 (865 in chips) 
Seat 2: nubira57 (2135 in chips) 
ollikahn23: posts small blind 15
nubira57: posts big blind 30
*** HOLE CARDS ***
Dealt to ollikahn23 [5h Ks]
ollikahn23: raises 30 to 60
nubira57: calls 30
*** FLOP *** [Js Ac 7c]
nubira57: checks 
ollikahn23: checks 
*** TURN *** [Js Ac 7c] [4h]
nubira57: checks 
ollikahn23: bets 65
nubira57: calls 65
*** RIVER *** [Js Ac 7c 4h] [Qs]
nubira57: checks 
ollikahn23: checks 
*** SHOW DOWN ***
nubira57: shows [4c Tc] (a pair of Fours)
ollikahn23: mucks hand 
nubira57 collected 250 from pot
*** SUMMARY ***
Total pot 250 | Rake 0 
Board [Js Ac 7c 4h Qs]
Seat 1: ollikahn23 (button) (small blind) mucked [5h Ks]
Seat 2: nubira57 (big blind) showed [4c Tc] and won (250) with a pair of Fours



PokerStars Hand #186262746721: Tournament #2301843878, $1.40+$0.10 USD Hold'em No Limit - Match Round I, Level III (20/40) - 2018/05/10 23:05:21 CET [2018/05/10 17:05:21 ET]
Table '2301843878 2' 2-max Seat #2 is the button
Seat 1: ollikahn23 (740 in chips) 
Seat 2: nubira57 (2260 in chips) 
nubira57: posts small blind 20
ollikahn23: posts big blind 40
*** HOLE CARDS ***
Dealt to ollikahn23 [Jd Jc]
nubira57: folds 
Uncalled bet (20) returned to ollikahn23
ollikahn23 collected 40 from pot
ollikahn23: doesn't show hand 
*** SUMMARY ***
Total pot 40 | Rake 0 
Seat 1: ollikahn23 (big blind) collected (40)
Seat 2: nubira57 (button) (small blind) folded before Flop



PokerStars Hand #186262751403: Tournament #2301843878, $1.40+$0.10 USD Hold'em No Limit - Match Round I, Level III (20/40) - 2018/05/10 23:05:27 CET [2018/05/10 17:05:27 ET]
Table '2301843878 2' 2-max Seat #1 is the button
Seat 1: ollikahn23 (760 in chips) 
Seat 2: nubira57 (2240 in chips) 
ollikahn23: posts small blind 20
nubira57: posts big blind 40
*** HOLE CARDS ***
Dealt to ollikahn23 [7c 8d]
ollikahn23: folds 
Uncalled bet (20) returned to nubira57
nubira57 collected 40 from pot
nubira57: doesn't show hand 
*** SUMMARY ***
Total pot 40 | Rake 0 
Seat 1: ollikahn23 (button) (small blind) folded before Flop
Seat 2: nubira57 (big blind) collected (40)



PokerStars Hand #186262756362: Tournament #2301843878, $1.40+$0.10 USD Hold'em No Limit - Match Round I, Level III (20/40) - 2018/05/10 23:05:33 CET [2018/05/10 17:05:33 ET]
Table '2301843878 2' 2-max Seat #2 is the button
Seat 1: ollikahn23 (740 in chips) 
Seat 2: nubira57 (2260 in chips) 
nubira57: posts small blind 20
ollikahn23: posts big blind 40
*** HOLE CARDS ***
Dealt to ollikahn23 [3c 8c]
nubira57: folds 
Uncalled bet (20) returned to ollikahn23
ollikahn23 collected 40 from pot
ollikahn23: doesn't show hand 
*** SUMMARY ***
Total pot 40 | Rake 0 
Seat 1: ollikahn23 (big blind) collected (40)
Seat 2: nubira57 (button) (small blind) folded before Flop



PokerStars Hand #186262760796: Tournament #2301843878, $1.40+$0.10 USD Hold'em No Limit - Match Round I, Level III (20/40) - 2018/05/10 23:05:38 CET [2018/05/10 17:05:38 ET]
Table '2301843878 2' 2-max Seat #1 is the button
Seat 1: ollikahn23 (760 in chips) 
Seat 2: nubira57 (2240 in chips) 
ollikahn23: posts small blind 20
nubira57: posts big blind 40
*** HOLE CARDS ***
Dealt to ollikahn23 [2c Ad]
ollikahn23: raises 40 to 80
nubira57: raises 160 to 240
ollikahn23: folds 
Uncalled bet (160) returned to nubira57
nubira57 collected 160 from pot
nubira57: doesn't show hand 
*** SUMMARY ***
Total pot 160 | Rake 0 
Seat 1: ollikahn23 (button) (small blind) folded before Flop
Seat 2: nubira57 (big blind) collected (160)



PokerStars Hand #186262771039: Tournament #2301843878, $1.40+$0.10 USD Hold'em No Limit - Match Round I, Level III (20/40) - 2018/05/10 23:05:50 CET [2018/05/10 17:05:50 ET]
Table '2301843878 2' 2-max Seat #2 is the button
Seat 1: ollikahn23 (680 in chips) 
Seat 2: nubira57 (2320 in chips) 
nubira57: posts small blind 20
ollikahn23: posts big blind 40
*** HOLE CARDS ***
Dealt to ollikahn23 [Kh Qh]
nubira57: calls 20
ollikahn23: checks 
*** FLOP *** [5s 5c 2c]
ollikahn23: checks 
nubira57: checks 
*** TURN *** [5s 5c 2c] [Kd]
ollikahn23: checks 
nubira57: checks 
*** RIVER *** [5s 5c 2c Kd] [Ts]
ollikahn23: bets 65
nubira57: folds 
Uncalled bet (65) returned to ollikahn23
ollikahn23 collected 80 from pot
ollikahn23: doesn't show hand 
*** SUMMARY ***
Total pot 80 | Rake 0 
Board [5s 5c 2c Kd Ts]
Seat 1: ollikahn23 (big blind) collected (80)
Seat 2: nubira57 (button) (small blind) folded on the River



PokerStars Hand #186262786319: Tournament #2301843878, $1.40+$0.10 USD Hold'em No Limit - Match Round I, Level III (20/40) - 2018/05/10 23:06:09 CET [2018/05/10 17:06:09 ET]
Table '2301843878 2' 2-max Seat #1 is the button
Seat 1: ollikahn23 (720 in chips) 
Seat 2: nubira57 (2280 in chips) 
ollikahn23: posts small blind 20
nubira57: posts big blind 40
*** HOLE CARDS ***
Dealt to ollikahn23 [8h 6h]
ollikahn23: folds 
Uncalled bet (20) returned to nubira57
nubira57 collected 40 from pot
nubira57: doesn't show hand 
*** SUMMARY ***
Total pot 40 | Rake 0 
Seat 1: ollikahn23 (button) (small blind) folded before Flop
Seat 2: nubira57 (big blind) collected (40)



PokerStars Hand #186262790875: Tournament #2301843878, $1.40+$0.10 USD Hold'em No Limit - Match Round I, Level III (20/40) - 2018/05/10 23:06:14 CET [2018/05/10 17:06:14 ET]
Table '2301843878 2' 2-max Seat #2 is the button
Seat 1: ollikahn23 (700 in chips) 
Seat 2: nubira57 (2300 in chips) 
nubira57: posts small blind 20
ollikahn23: posts big blind 40
*** HOLE CARDS ***
Dealt to ollikahn23 [Kd 4s]
nubira57: raises 80 to 120
ollikahn23: folds 
Uncalled bet (80) returned to nubira57
nubira57 collected 80 from pot
nubira57: doesn't show hand 
*** SUMMARY ***
Total pot 80 | Rake 0 
Seat 1: ollikahn23 (big blind) folded before Flop
Seat 2: nubira57 (button) (small blind) collected (80)



PokerStars Hand #186262797057: Tournament #2301843878, $1.40+$0.10 USD Hold'em No Limit - Match Round I, Level III (20/40) - 2018/05/10 23:06:21 CET [2018/05/10 17:06:21 ET]
Table '2301843878 2' 2-max Seat #1 is the button
Seat 1: ollikahn23 (660 in chips) 
Seat 2: nubira57 (2340 in chips) 
ollikahn23: posts small blind 20
nubira57: posts big blind 40
*** HOLE CARDS ***
Dealt to ollikahn23 [7h Qd]
ollikahn23: raises 40 to 80
nubira57: raises 2260 to 2340 and is all-in
ollikahn23: folds 
Uncalled bet (2260) returned to nubira57
nubira57 collected 160 from pot
nubira57: doesn't show hand 
*** SUMMARY ***
Total pot 160 | Rake 0 
Seat 1: ollikahn23 (button) (small blind) folded before Flop
Seat 2: nubira57 (big blind) collected (160)



PokerStars Hand #186262808259: Tournament #2301843878, $1.40+$0.10 USD Hold'em No Limit - Match Round I, Level III (20/40) - 2018/05/10 23:06:35 CET [2018/05/10 17:06:35 ET]
Table '2301843878 2' 2-max Seat #2 is the button
Seat 1: ollikahn23 (580 in chips) 
Seat 2: nubira57 (2420 in chips) 
nubira57: posts small blind 20
ollikahn23: posts big blind 40
*** HOLE CARDS ***
Dealt to ollikahn23 [Jd Tc]
nubira57: calls 20
ollikahn23: checks 
*** FLOP *** [Qh 6s Th]
ollikahn23: checks 
nubira57: checks 
*** TURN *** [Qh 6s Th] [Js]
ollikahn23: bets 65
nubira57: folds 
Uncalled bet (65) returned to ollikahn23
ollikahn23 collected 80 from pot
ollikahn23: doesn't show hand 
*** SUMMARY ***
Total pot 80 | Rake 0 
Board [Qh 6s Th Js]
Seat 1: ollikahn23 (big blind) collected (80)
Seat 2: nubira57 (button) (small blind) folded on the Turn



PokerStars Hand #186262823414: Tournament #2301843878, $1.40+$0.10 USD Hold'em No Limit - Match Round I, Level III (20/40) - 2018/05/10 23:06:54 CET [2018/05/10 17:06:54 ET]
Table '2301843878 2' 2-max Seat #1 is the button
Seat 1: ollikahn23 (620 in chips) 
Seat 2: nubira57 (2380 in chips) 
ollikahn23: posts small blind 20
nubira57: posts big blind 40
*** HOLE CARDS ***
Dealt to ollikahn23 [Th 5h]
ollikahn23: folds 
Uncalled bet (20) returned to nubira57
nubira57 collected 40 from pot
nubira57: doesn't show hand 
*** SUMMARY ***
Total pot 40 | Rake 0 
Seat 1: ollikahn23 (button) (small blind) folded before Flop
Seat 2: nubira57 (big blind) collected (40)



PokerStars Hand #186262828064: Tournament #2301843878, $1.40+$0.10 USD Hold'em No Limit - Match Round I, Level III (20/40) - 2018/05/10 23:06:59 CET [2018/05/10 17:06:59 ET]
Table '2301843878 2' 2-max Seat #2 is the button
Seat 1: ollikahn23 (600 in chips) 
Seat 2: nubira57 (2400 in chips) 
nubira57: posts small blind 20
ollikahn23: posts big blind 40
*** HOLE CARDS ***
Dealt to ollikahn23 [6s Qd]
nubira57: folds 
Uncalled bet (20) returned to ollikahn23
ollikahn23 collected 40 from pot
ollikahn23: doesn't show hand 
*** SUMMARY ***
Total pot 40 | Rake 0 
Seat 1: ollikahn23 (big blind) collected (40)
Seat 2: nubira57 (button) (small blind) folded before Flop



PokerStars Hand #186262832433: Tournament #2301843878, $1.40+$0.10 USD Hold'em No Limit - Match Round I, Level III (20/40) - 2018/05/10 23:07:04 CET [2018/05/10 17:07:04 ET]
Table '2301843878 2' 2-max Seat #1 is the button
Seat 1: ollikahn23 (620 in chips) 
Seat 2: nubira57 (2380 in chips) 
ollikahn23: posts small blind 20
nubira57: posts big blind 40
*** HOLE CARDS ***
Dealt to ollikahn23 [8d 3s]
ollikahn23: folds 
Uncalled bet (20) returned to nubira57
nubira57 collected 40 from pot
nubira57: doesn't show hand 
*** SUMMARY ***
Total pot 40 | Rake 0 
Seat 1: ollikahn23 (button) (small blind) folded before Flop
Seat 2: nubira57 (big blind) collected (40)



PokerStars Hand #186262836819: Tournament #2301843878, $1.40+$0.10 USD Hold'em No Limit - Match Round I, Level III (20/40) - 2018/05/10 23:07:10 CET [2018/05/10 17:07:10 ET]
Table '2301843878 2' 2-max Seat #2 is the button
Seat 1: ollikahn23 (600 in chips) 
Seat 2: nubira57 (2400 in chips) 
nubira57: posts small blind 20
ollikahn23: posts big blind 40
*** HOLE CARDS ***
Dealt to ollikahn23 [Qh Jh]
nubira57: folds 
Uncalled bet (20) returned to ollikahn23
ollikahn23 collected 40 from pot
ollikahn23: doesn't show hand 
*** SUMMARY ***
Total pot 40 | Rake 0 
Seat 1: ollikahn23 (big blind) collected (40)
Seat 2: nubira57 (button) (small blind) folded before Flop



PokerStars Hand #186262841059: Tournament #2301843878, $1.40+$0.10 USD Hold'em No Limit - Match Round I, Level III (20/40) - 2018/05/10 23:07:15 CET [2018/05/10 17:07:15 ET]
Table '2301843878 2' 2-max Seat #1 is the button
Seat 1: ollikahn23 (620 in chips) 
Seat 2: nubira57 (2380 in chips) 
ollikahn23: posts small blind 20
nubira57: posts big blind 40
*** HOLE CARDS ***
Dealt to ollikahn23 [Td Js]
ollikahn23: raises 40 to 80
nubira57: calls 40
*** FLOP *** [7d 2s 6s]
nubira57: checks 
ollikahn23: checks 
*** TURN *** [7d 2s 6s] [7h]
nubira57: bets 160
ollikahn23: raises 240 to 400
nubira57: folds 
Uncalled bet (240) returned to ollikahn23
ollikahn23 collected 480 from pot
ollikahn23: doesn't show hand 
*** SUMMARY ***
Total pot 480 | Rake 0 
Board [7d 2s 6s 7h]
Seat 1: ollikahn23 (button) (small blind) collected (480)
Seat 2: nubira57 (big blind) folded on the Turn



PokerStars Hand #186262860879: Tournament #2301843878, $1.40+$0.10 USD Hold'em No Limit - Match Round I, Level III (20/40) - 2018/05/10 23:07:39 CET [2018/05/10 17:07:39 ET]
Table '2301843878 2' 2-max Seat #2 is the button
Seat 1: ollikahn23 (860 in chips) 
Seat 2: nubira57 (2140 in chips) 
nubira57: posts small blind 20
ollikahn23: posts big blind 40
*** HOLE CARDS ***
Dealt to ollikahn23 [6c 2c]
nubira57: folds 
Uncalled bet (20) returned to ollikahn23
ollikahn23 collected 40 from pot
ollikahn23: doesn't show hand 
*** SUMMARY ***
Total pot 40 | Rake 0 
Seat 1: ollikahn23 (big blind) collected (40)
Seat 2: nubira57 (button) (small blind) folded before Flop



PokerStars Hand #186262865291: Tournament #2301843878, $1.40+$0.10 USD Hold'em No Limit - Match Round I, Level III (20/40) - 2018/05/10 23:07:44 CET [2018/05/10 17:07:44 ET]
Table '2301843878 2' 2-max Seat #1 is the button
Seat 1: ollikahn23 (880 in chips) 
Seat 2: nubira57 (2120 in chips) 
ollikahn23: posts small blind 20
nubira57: posts big blind 40
*** HOLE CARDS ***
Dealt to ollikahn23 [Jh 8d]
ollikahn23: raises 40 to 80
nubira57: calls 40
*** FLOP *** [Qh 3h 5d]
nubira57: checks 
ollikahn23: bets 85
nubira57: folds 
Uncalled bet (85) returned to ollikahn23
ollikahn23 collected 160 from pot
ollikahn23: doesn't show hand 
*** SUMMARY ***
Total pot 160 | Rake 0 
Board [Qh 3h 5d]
Seat 1: ollikahn23 (button) (small blind) collected (160)
Seat 2: nubira57 (big blind) folded on the Flop



PokerStars Hand #186262877475: Tournament #2301843878, $1.40+$0.10 USD Hold'em No Limit - Match Round I, Level III (20/40) - 2018/05/10 23:07:59 CET [2018/05/10 17:07:59 ET]
Table '2301843878 2' 2-max Seat #2 is the button
Seat 1: ollikahn23 (960 in chips) 
Seat 2: nubira57 (2040 in chips) 
nubira57: posts small blind 20
ollikahn23: posts big blind 40
*** HOLE CARDS ***
Dealt to ollikahn23 [8s 7d]
nubira57: calls 20
ollikahn23: checks 
*** FLOP *** [5d Ah 7c]
ollikahn23: checks 
nubira57: checks 
*** TURN *** [5d Ah 7c] [4s]
ollikahn23: bets 65
nubira57: calls 65
*** RIVER *** [5d Ah 7c 4s] [6s]
ollikahn23: bets 210
nubira57: calls 210
*** SHOW DOWN ***
ollikahn23: shows [8s 7d] (a straight, Four to Eight)
nubira57: mucks hand 
ollikahn23 collected 630 from pot
*** SUMMARY ***
Total pot 630 | Rake 0 
Board [5d Ah 7c 4s 6s]
Seat 1: ollikahn23 (big blind) showed [8s 7d] and won (630) with a straight, Four to Eight
Seat 2: nubira57 (button) (small blind) mucked [3h 4c]



PokerStars Hand #186262901246: Tournament #2301843878, $1.40+$0.10 USD Hold'em No Limit - Match Round I, Level IV (25/50) - 2018/05/10 23:08:28 CET [2018/05/10 17:08:28 ET]
Table '2301843878 2' 2-max Seat #1 is the button
Seat 1: ollikahn23 (1275 in chips) 
Seat 2: nubira57 (1725 in chips) 
ollikahn23: posts small blind 25
nubira57: posts big blind 50
*** HOLE CARDS ***
Dealt to ollikahn23 [6s 9h]
ollikahn23: folds 
Uncalled bet (25) returned to nubira57
nubira57 collected 50 from pot
nubira57: doesn't show hand 
*** SUMMARY ***
Total pot 50 | Rake 0 
Seat 1: ollikahn23 (button) (small blind) folded before Flop
Seat 2: nubira57 (big blind) collected (50)



PokerStars Hand #186262909728: Tournament #2301843878, $1.40+$0.10 USD Hold'em No Limit - Match Round I, Level IV (25/50) - 2018/05/10 23:08:38 CET [2018/05/10 17:08:38 ET]
Table '2301843878 2' 2-max Seat #2 is the button
Seat 1: ollikahn23 (1250 in chips) 
Seat 2: nubira57 (1750 in chips) 
nubira57: posts small blind 25
ollikahn23: posts big blind 50
*** HOLE CARDS ***
Dealt to ollikahn23 [9h 3d]
nubira57: raises 100 to 150
ollikahn23: folds 
Uncalled bet (100) returned to nubira57
nubira57 collected 100 from pot
nubira57: doesn't show hand 
*** SUMMARY ***
Total pot 100 | Rake 0 
Seat 1: ollikahn23 (big blind) folded before Flop
Seat 2: nubira57 (button) (small blind) collected (100)



PokerStars Hand #186262918621: Tournament #2301843878, $1.40+$0.10 USD Hold'em No Limit - Match Round I, Level IV (25/50) - 2018/05/10 23:08:48 CET [2018/05/10 17:08:48 ET]
Table '2301843878 2' 2-max Seat #1 is the button
Seat 1: ollikahn23 (1200 in chips) 
Seat 2: nubira57 (1800 in chips) 
ollikahn23: posts small blind 25
nubira57: posts big blind 50
*** HOLE CARDS ***
Dealt to ollikahn23 [8c Kd]
ollikahn23: raises 50 to 100
nubira57: calls 50
*** FLOP *** [As 5s Kc]
nubira57: checks 
ollikahn23: checks 
*** TURN *** [As 5s Kc] [Ac]
nubira57: checks 
ollikahn23: checks 
*** RIVER *** [As 5s Kc Ac] [Js]
nubira57: bets 200
ollikahn23: calls 200
*** SHOW DOWN ***
nubira57: shows [5d Jd] (two pair, Aces and Jacks)
ollikahn23: shows [8c Kd] (two pair, Aces and Kings)
ollikahn23 collected 600 from pot
*** SUMMARY ***
Total pot 600 | Rake 0 
Board [As 5s Kc Ac Js]
Seat 1: ollikahn23 (button) (small blind) showed [8c Kd] and won (600) with two pair, Aces and Kings
Seat 2: nubira57 (big blind) showed [5d Jd] and lost with two pair, Aces and Jacks



PokerStars Hand #186262934797: Tournament #2301843878, $1.40+$0.10 USD Hold'em No Limit - Match Round I, Level IV (25/50) - 2018/05/10 23:09:08 CET [2018/05/10 17:09:08 ET]
Table '2301843878 2' 2-max Seat #2 is the button
Seat 1: ollikahn23 (1500 in chips) 
Seat 2: nubira57 (1500 in chips) 
nubira57: posts small blind 25
ollikahn23: posts big blind 50
*** HOLE CARDS ***
Dealt to ollikahn23 [Ah 3d]
nubira57: calls 25
ollikahn23: checks 
*** FLOP *** [3c Kd 9c]
ollikahn23: checks 
nubira57: checks 
*** TURN *** [3c Kd 9c] [8h]
ollikahn23: checks 
nubira57: checks 
*** RIVER *** [3c Kd 9c 8h] [6c]
ollikahn23: checks 
nubira57: checks 
*** SHOW DOWN ***
ollikahn23: shows [Ah 3d] (a pair of Threes)
nubira57: mucks hand 
ollikahn23 collected 100 from pot
*** SUMMARY ***
Total pot 100 | Rake 0 
Board [3c Kd 9c 8h 6c]
Seat 1: ollikahn23 (big blind) showed [Ah 3d] and won (100) with a pair of Threes
Seat 2: nubira57 (button) (small blind) mucked [Ts 5c]



PokerStars Hand #186262946952: Tournament #2301843878, $1.40+$0.10 USD Hold'em No Limit - Match Round I, Level IV (25/50) - 2018/05/10 23:09:22 CET [2018/05/10 17:09:22 ET]
Table '2301843878 2' 2-max Seat #1 is the button
Seat 1: ollikahn23 (1550 in chips) 
Seat 2: nubira57 (1450 in chips) 
ollikahn23: posts small blind 25
nubira57: posts big blind 50
*** HOLE CARDS ***
Dealt to ollikahn23 [Kd 7c]
ollikahn23: raises 50 to 100
nubira57: calls 50
*** FLOP *** [8d 9s Ah]
nubira57: checks 
ollikahn23: bets 100
nubira57: folds 
Uncalled bet (100) returned to ollikahn23
ollikahn23 collected 200 from pot
ollikahn23: doesn't show hand 
*** SUMMARY ***
Total pot 200 | Rake 0 
Board [8d 9s Ah]
Seat 1: ollikahn23 (button) (small blind) collected (200)
Seat 2: nubira57 (big blind) folded on the Flop



PokerStars Hand #186262960122: Tournament #2301843878, $1.40+$0.10 USD Hold'em No Limit - Match Round I, Level IV (25/50) - 2018/05/10 23:09:38 CET [2018/05/10 17:09:38 ET]
Table '2301843878 2' 2-max Seat #2 is the button
Seat 1: ollikahn23 (1650 in chips) 
Seat 2: nubira57 (1350 in chips) 
nubira57: posts small blind 25
ollikahn23: posts big blind 50
*** HOLE CARDS ***
Dealt to ollikahn23 [5h 3s]
nubira57: calls 25
ollikahn23: checks 
*** FLOP *** [8c 2h 5d]
ollikahn23: checks 
nubira57: checks 
*** TURN *** [8c 2h 5d] [3c]
ollikahn23: bets 100
nubira57: calls 100
*** RIVER *** [8c 2h 5d 3c] [Th]
ollikahn23: bets 150
nubira57: folds 
Uncalled bet (150) returned to ollikahn23
ollikahn23 collected 300 from pot
ollikahn23: doesn't show hand 
*** SUMMARY ***
Total pot 300 | Rake 0 
Board [8c 2h 5d 3c Th]
Seat 1: ollikahn23 (big blind) collected (300)
Seat 2: nubira57 (button) (small blind) folded on the River



PokerStars Hand #186262978260: Tournament #2301843878, $1.40+$0.10 USD Hold'em No Limit - Match Round I, Level IV (25/50) - 2018/05/10 23:10:00 CET [2018/05/10 17:10:00 ET]
Table '2301843878 2' 2-max Seat #1 is the button
Seat 1: ollikahn23 (1800 in chips) 
Seat 2: nubira57 (1200 in chips) 
ollikahn23: posts small blind 25
nubira57: posts big blind 50
*** HOLE CARDS ***
Dealt to ollikahn23 [Ac 3d]
ollikahn23: raises 50 to 100
nubira57: raises 200 to 300
ollikahn23: folds 
Uncalled bet (200) returned to nubira57
nubira57 collected 200 from pot
nubira57: doesn't show hand 
*** SUMMARY ***
Total pot 200 | Rake 0 
Seat 1: ollikahn23 (button) (small blind) folded before Flop
Seat 2: nubira57 (big blind) collected (200)



PokerStars Hand #186262990654: Tournament #2301843878, $1.40+$0.10 USD Hold'em No Limit - Match Round I, Level IV (25/50) - 2018/05/10 23:10:15 CET [2018/05/10 17:10:15 ET]
Table '2301843878 2' 2-max Seat #2 is the button
Seat 1: ollikahn23 (1700 in chips) 
Seat 2: nubira57 (1300 in chips) 
nubira57: posts small blind 25
ollikahn23: posts big blind 50
*** HOLE CARDS ***
Dealt to ollikahn23 [5h Td]
nubira57: calls 25
ollikahn23: checks 
*** FLOP *** [Kh 8s Jh]
ollikahn23: checks 
nubira57: checks 
*** TURN *** [Kh 8s Jh] [6s]
ollikahn23: checks 
nubira57: checks 
*** RIVER *** [Kh 8s Jh 6s] [Ad]
ollikahn23: bets 65
nubira57: raises 65 to 130
ollikahn23: folds 
Uncalled bet (65) returned to nubira57
nubira57 collected 230 from pot
nubira57: doesn't show hand 
*** SUMMARY ***
Total pot 230 | Rake 0 
Board [Kh 8s Jh 6s Ad]
Seat 1: ollikahn23 (big blind) folded on the River
Seat 2: nubira57 (button) (small blind) collected (230)



PokerStars Hand #186263014262: Tournament #2301843878, $1.40+$0.10 USD Hold'em No Limit - Match Round I, Level IV (25/50) - 2018/05/10 23:10:38 CET [2018/05/10 17:10:38 ET]
Table '2301843878 2' 2-max Seat #1 is the button
Seat 1: ollikahn23 (1585 in chips) 
Seat 2: nubira57 (1415 in chips) 
ollikahn23: posts small blind 25
nubira57: posts big blind 50
*** HOLE CARDS ***
Dealt to ollikahn23 [Tc Kh]
ollikahn23: calls 25
nubira57: checks 
*** FLOP *** [5c 9c Jc]
nubira57: checks 
ollikahn23: bets 50
nubira57: calls 50
*** TURN *** [5c 9c Jc] [Ah]
nubira57: checks 
ollikahn23: bets 125
nubira57: calls 125
*** RIVER *** [5c 9c Jc Ah] [4d]
nubira57: checks 
ollikahn23: checks 
*** SHOW DOWN ***
nubira57: shows [9d Td] (a pair of Nines)
ollikahn23: mucks hand 
nubira57 collected 450 from pot
*** SUMMARY ***
Total pot 450 | Rake 0 
Board [5c 9c Jc Ah 4d]
Seat 1: ollikahn23 (button) (small blind) mucked [Tc Kh]
Seat 2: nubira57 (big blind) showed [9d Td] and won (450) with a pair of Nines



PokerStars Hand #186263034568: Tournament #2301843878, $1.40+$0.10 USD Hold'em No Limit - Match Round I, Level IV (25/50) - 2018/05/10 23:11:03 CET [2018/05/10 17:11:03 ET]
Table '2301843878 2' 2-max Seat #2 is the button
Seat 1: ollikahn23 (1360 in chips) 
Seat 2: nubira57 (1640 in chips) 
nubira57: posts small blind 25
ollikahn23: posts big blind 50
*** HOLE CARDS ***
Dealt to ollikahn23 [Qh Jd]
nubira57: folds 
Uncalled bet (25) returned to ollikahn23
ollikahn23 collected 50 from pot
ollikahn23: doesn't show hand 
*** SUMMARY ***
Total pot 50 | Rake 0 
Seat 1: ollikahn23 (big blind) collected (50)
Seat 2: nubira57 (button) (small blind) folded before Flop



PokerStars Hand #186263038988: Tournament #2301843878, $1.40+$0.10 USD Hold'em No Limit - Match Round I, Level IV (25/50) - 2018/05/10 23:11:08 CET [2018/05/10 17:11:08 ET]
Table '2301843878 2' 2-max Seat #1 is the button
Seat 1: ollikahn23 (1385 in chips) 
Seat 2: nubira57 (1615 in chips) 
ollikahn23: posts small blind 25
nubira57: posts big blind 50
*** HOLE CARDS ***
Dealt to ollikahn23 [5s Kd]
ollikahn23: raises 50 to 100
nubira57: calls 50
*** FLOP *** [8s As Kh]
nubira57: checks 
ollikahn23: checks 
*** TURN *** [8s As Kh] [Ad]
nubira57: checks 
ollikahn23: bets 85
nubira57: calls 85
*** RIVER *** [8s As Kh Ad] [Jd]
nubira57: checks 
ollikahn23: bets 120
nubira57: calls 120
*** SHOW DOWN ***
ollikahn23: shows [5s Kd] (two pair, Aces and Kings)
nubira57: shows [Tc Ks] (two pair, Aces and Kings)
nubira57 collected 305 from pot
ollikahn23 collected 305 from pot
*** SUMMARY ***
Total pot 610 | Rake 0 
Board [8s As Kh Ad Jd]
Seat 1: ollikahn23 (button) (small blind) showed [5s Kd] and won (305) with two pair, Aces and Kings
Seat 2: nubira57 (big blind) showed [Tc Ks] and won (305) with two pair, Aces and Kings



PokerStars Hand #186263063914: Tournament #2301843878, $1.40+$0.10 USD Hold'em No Limit - Match Round I, Level V (30/60) - 2018/05/10 23:11:38 CET [2018/05/10 17:11:38 ET]
Table '2301843878 2' 2-max Seat #2 is the button
Seat 1: ollikahn23 (1385 in chips) 
Seat 2: nubira57 (1615 in chips) 
nubira57: posts small blind 30
ollikahn23: posts big blind 60
*** HOLE CARDS ***
Dealt to ollikahn23 [5h Ah]
nubira57: calls 30
ollikahn23: checks 
*** FLOP *** [9s Th 4h]
ollikahn23: checks 
nubira57: bets 120
ollikahn23: calls 120
*** TURN *** [9s Th 4h] [Qs]
ollikahn23: checks 
nubira57: checks 
*** RIVER *** [9s Th 4h Qs] [5d]
ollikahn23: checks 
nubira57: checks 
*** SHOW DOWN ***
ollikahn23: shows [5h Ah] (a pair of Fives)
nubira57: shows [7c Td] (a pair of Tens)
nubira57 collected 360 from pot
*** SUMMARY ***
Total pot 360 | Rake 0 
Board [9s Th 4h Qs 5d]
Seat 1: ollikahn23 (big blind) showed [5h Ah] and lost with a pair of Fives
Seat 2: nubira57 (button) (small blind) showed [7c Td] and won (360) with a pair of Tens



PokerStars Hand #186263080721: Tournament #2301843878, $1.40+$0.10 USD Hold'em No Limit - Match Round I, Level V (30/60) - 2018/05/10 23:11:59 CET [2018/05/10 17:11:59 ET]
Table '2301843878 2' 2-max Seat #1 is the button
Seat 1: ollikahn23 (1205 in chips) 
Seat 2: nubira57 (1795 in chips) 
ollikahn23: posts small blind 30
nubira57: posts big blind 60
*** HOLE CARDS ***
Dealt to ollikahn23 [3d Jc]
ollikahn23: folds 
Uncalled bet (30) returned to nubira57
nubira57 collected 60 from pot
nubira57: doesn't show hand 
*** SUMMARY ***
Total pot 60 | Rake 0 
Seat 1: ollikahn23 (button) (small blind) folded before Flop
Seat 2: nubira57 (big blind) collected (60)



PokerStars Hand #186263086423: Tournament #2301843878, $1.40+$0.10 USD Hold'em No Limit - Match Round I, Level V (30/60) - 2018/05/10 23:12:06 CET [2018/05/10 17:12:06 ET]
Table '2301843878 2' 2-max Seat #2 is the button
Seat 1: ollikahn23 (1175 in chips) 
Seat 2: nubira57 (1825 in chips) 
nubira57: posts small blind 30
ollikahn23: posts big blind 60
*** HOLE CARDS ***
Dealt to ollikahn23 [9d Jd]
nubira57: calls 30
ollikahn23: checks 
*** FLOP *** [8s Tc Th]
ollikahn23: checks 
nubira57: checks 
*** TURN *** [8s Tc Th] [7h]
ollikahn23: bets 85
nubira57: folds 
Uncalled bet (85) returned to ollikahn23
ollikahn23 collected 120 from pot
ollikahn23: doesn't show hand 
*** SUMMARY ***
Total pot 120 | Rake 0 
Board [8s Tc Th 7h]
Seat 1: ollikahn23 (big blind) collected (120)
Seat 2: nubira57 (button) (small blind) folded on the Turn



PokerStars Hand #186263099771: Tournament #2301843878, $1.40+$0.10 USD Hold'em No Limit - Match Round I, Level V (30/60) - 2018/05/10 23:12:22 CET [2018/05/10 17:12:22 ET]
Table '2301843878 2' 2-max Seat #1 is the button
Seat 1: ollikahn23 (1235 in chips) 
Seat 2: nubira57 (1765 in chips) 
ollikahn23: posts small blind 30
nubira57: posts big blind 60
*** HOLE CARDS ***
Dealt to ollikahn23 [6s 9s]
ollikahn23: raises 60 to 120
nubira57: calls 60
*** FLOP *** [3c Qc 5h]
nubira57: checks 
ollikahn23: checks 
*** TURN *** [3c Qc 5h] [9h]
nubira57: bets 60
ollikahn23: raises 75 to 135
nubira57: calls 75
*** RIVER *** [3c Qc 5h 9h] [Kh]
nubira57: checks 
ollikahn23: checks 
*** SHOW DOWN ***
nubira57: shows [As 2s] (high card Ace)
ollikahn23: shows [6s 9s] (a pair of Nines)
ollikahn23 collected 510 from pot
*** SUMMARY ***
Total pot 510 | Rake 0 
Board [3c Qc 5h 9h Kh]
Seat 1: ollikahn23 (button) (small blind) showed [6s 9s] and won (510) with a pair of Nines
Seat 2: nubira57 (big blind) showed [As 2s] and lost with high card Ace



PokerStars Hand #186263126534: Tournament #2301843878, $1.40+$0.10 USD Hold'em No Limit - Match Round I, Level V (30/60) - 2018/05/10 23:12:54 CET [2018/05/10 17:12:54 ET]
Table '2301843878 2' 2-max Seat #2 is the button
Seat 1: ollikahn23 (1490 in chips) 
Seat 2: nubira57 (1510 in chips) 
nubira57: posts small blind 30
ollikahn23: posts big blind 60
*** HOLE CARDS ***
Dealt to ollikahn23 [7c 9c]
nubira57: folds 
Uncalled bet (30) returned to ollikahn23
ollikahn23 collected 60 from pot
ollikahn23: doesn't show hand 
*** SUMMARY ***
Total pot 60 | Rake 0 
Seat 1: ollikahn23 (big blind) collected (60)
Seat 2: nubira57 (button) (small blind) folded before Flop



PokerStars Hand #186263131074: Tournament #2301843878, $1.40+$0.10 USD Hold'em No Limit - Match Round I, Level V (30/60) - 2018/05/10 23:13:00 CET [2018/05/10 17:13:00 ET]
Table '2301843878 2' 2-max Seat #1 is the button
Seat 1: ollikahn23 (1520 in chips) 
Seat 2: nubira57 (1480 in chips) 
ollikahn23: posts small blind 30
nubira57: posts big blind 60
*** HOLE CARDS ***
Dealt to ollikahn23 [3c Qh]
ollikahn23: raises 60 to 120
nubira57: folds 
Uncalled bet (60) returned to ollikahn23
ollikahn23 collected 120 from pot
ollikahn23: doesn't show hand 
*** SUMMARY ***
Total pot 120 | Rake 0 
Seat 1: ollikahn23 (button) (small blind) collected (120)
Seat 2: nubira57 (big blind) folded before Flop



PokerStars Hand #186263136927: Tournament #2301843878, $1.40+$0.10 USD Hold'em No Limit - Match Round I, Level V (30/60) - 2018/05/10 23:13:07 CET [2018/05/10 17:13:07 ET]
Table '2301843878 2' 2-max Seat #2 is the button
Seat 1: ollikahn23 (1580 in chips) 
Seat 2: nubira57 (1420 in chips) 
nubira57: posts small blind 30
ollikahn23: posts big blind 60
*** HOLE CARDS ***
Dealt to ollikahn23 [3d 7h]
nubira57: raises 60 to 120
ollikahn23: folds 
Uncalled bet (60) returned to nubira57
nubira57 collected 120 from pot
nubira57: doesn't show hand 
*** SUMMARY ***
Total pot 120 | Rake 0 
Seat 1: ollikahn23 (big blind) folded before Flop
Seat 2: nubira57 (button) (small blind) collected (120)



PokerStars Hand #186263142377: Tournament #2301843878, $1.40+$0.10 USD Hold'em No Limit - Match Round I, Level V (30/60) - 2018/05/10 23:13:14 CET [2018/05/10 17:13:14 ET]
Table '2301843878 2' 2-max Seat #1 is the button
Seat 1: ollikahn23 (1520 in chips) 
Seat 2: nubira57 (1480 in chips) 
ollikahn23: posts small blind 30
nubira57: posts big blind 60
*** HOLE CARDS ***
Dealt to ollikahn23 [Tc 4c]
ollikahn23: folds 
Uncalled bet (30) returned to nubira57
nubira57 collected 60 from pot
nubira57: doesn't show hand 
*** SUMMARY ***
Total pot 60 | Rake 0 
Seat 1: ollikahn23 (button) (small blind) folded before Flop
Seat 2: nubira57 (big blind) collected (60)



PokerStars Hand #186263148037: Tournament #2301843878, $1.40+$0.10 USD Hold'em No Limit - Match Round I, Level V (30/60) - 2018/05/10 23:13:20 CET [2018/05/10 17:13:20 ET]
Table '2301843878 2' 2-max Seat #2 is the button
Seat 1: ollikahn23 (1490 in chips) 
Seat 2: nubira57 (1510 in chips) 
nubira57: posts small blind 30
ollikahn23: posts big blind 60
*** HOLE CARDS ***
Dealt to ollikahn23 [6s 8c]
nubira57: calls 30
ollikahn23: checks 
*** FLOP *** [8s Ah 4s]
ollikahn23: checks 
nubira57: checks 
*** TURN *** [8s Ah 4s] [8d]
ollikahn23: bets 75
nubira57: calls 75
*** RIVER *** [8s Ah 4s 8d] [9s]
ollikahn23: bets 160
nubira57: calls 160
*** SHOW DOWN ***
ollikahn23: shows [6s 8c] (three of a kind, Eights)
nubira57: mucks hand 
ollikahn23 collected 590 from pot
*** SUMMARY ***
Total pot 590 | Rake 0 
Board [8s Ah 4s 8d 9s]
Seat 1: ollikahn23 (big blind) showed [6s 8c] and won (590) with three of a kind, Eights
Seat 2: nubira57 (button) (small blind) mucked [4h 6h]



PokerStars Hand #186263171676: Tournament #2301843878, $1.40+$0.10 USD Hold'em No Limit - Match Round I, Level V (30/60) - 2018/05/10 23:13:49 CET [2018/05/10 17:13:49 ET]
Table '2301843878 2' 2-max Seat #1 is the button
Seat 1: ollikahn23 (1785 in chips) 
Seat 2: nubira57 (1215 in chips) 
ollikahn23: posts small blind 30
nubira57: posts big blind 60
*** HOLE CARDS ***
Dealt to ollikahn23 [Tc Jc]
ollikahn23: raises 60 to 120
nubira57: raises 240 to 360
ollikahn23: calls 240
*** FLOP *** [Ts Th 3s]
nubira57: bets 855 and is all-in
ollikahn23: calls 855
*** TURN *** [Ts Th 3s] [Kh]
*** RIVER *** [Ts Th 3s Kh] [5d]
*** SHOW DOWN ***
nubira57: shows [Kc Jd] (two pair, Kings and Tens)
ollikahn23: shows [Tc Jc] (three of a kind, Tens)
ollikahn23 collected 2430 from pot
nubira57 finished the tournament in 3rd place
*** SUMMARY ***
Total pot 2430 | Rake 0 
Board [Ts Th 3s Kh 5d]
Seat 1: ollikahn23 (button) (small blind) showed [Tc Jc] and won (2430) with three of a kind, Tens
Seat 2: nubira57 (big blind) showed [Kc Jd] and lost with two pair, Kings and Tens



PokerStars Hand #186263190064: Tournament #2301843878, $1.40+$0.10 USD Hold'em No Limit - Match Round II, Level I (10/20) - 2018/05/10 23:14:13 CET [2018/05/10 17:14:13 ET]
Table '2301843878 1' 2-max Seat #2 is the button
Seat 1: Rolcsi1979 (1500 in chips) 
Seat 2: ollikahn23 (1500 in chips) 
ollikahn23: posts small blind 10
Rolcsi1979: posts big blind 20
*** HOLE CARDS ***
Dealt to ollikahn23 [9d 3d]
ollikahn23: folds 
Uncalled bet (10) returned to Rolcsi1979
Rolcsi1979 collected 20 from pot
Rolcsi1979: doesn't show hand 
*** SUMMARY ***
Total pot 20 | Rake 0 
Seat 1: Rolcsi1979 (big blind) collected (20)
Seat 2: ollikahn23 (button) (small blind) folded before Flop



PokerStars Hand #186263202809: Tournament #2301843878, $1.40+$0.10 USD Hold'em No Limit - Match Round II, Level I (10/20) - 2018/05/10 23:14:29 CET [2018/05/10 17:14:29 ET]
Table '2301843878 1' 2-max Seat #1 is the button
Seat 1: Rolcsi1979 (1510 in chips) 
Seat 2: ollikahn23 (1490 in chips) 
Rolcsi1979: posts small blind 10
ollikahn23: posts big blind 20
*** HOLE CARDS ***
Dealt to ollikahn23 [Jh 3d]
Rolcsi1979: raises 20 to 40
ollikahn23: folds 
Uncalled bet (20) returned to Rolcsi1979
Rolcsi1979 collected 40 from pot
Rolcsi1979: doesn't show hand 
*** SUMMARY ***
Total pot 40 | Rake 0 
Seat 1: Rolcsi1979 (button) (small blind) collected (40)
Seat 2: ollikahn23 (big blind) folded before Flop



PokerStars Hand #186263212314: Tournament #2301843878, $1.40+$0.10 USD Hold'em No Limit - Match Round II, Level I (10/20) - 2018/05/10 23:14:40 CET [2018/05/10 17:14:40 ET]
Table '2301843878 1' 2-max Seat #2 is the button
Seat 1: Rolcsi1979 (1530 in chips) 
Seat 2: ollikahn23 (1470 in chips) 
ollikahn23: posts small blind 10
Rolcsi1979: posts big blind 20
*** HOLE CARDS ***
Dealt to ollikahn23 [3h 6h]
ollikahn23: folds 
Uncalled bet (10) returned to Rolcsi1979
Rolcsi1979 collected 20 from pot
Rolcsi1979: doesn't show hand 
*** SUMMARY ***
Total pot 20 | Rake 0 
Seat 1: Rolcsi1979 (big blind) collected (20)
Seat 2: ollikahn23 (button) (small blind) folded before Flop



PokerStars Hand #186263217036: Tournament #2301843878, $1.40+$0.10 USD Hold'em No Limit - Match Round II, Level I (10/20) - 2018/05/10 23:14:46 CET [2018/05/10 17:14:46 ET]
Table '2301843878 1' 2-max Seat #1 is the button
Seat 1: Rolcsi1979 (1540 in chips) 
Seat 2: ollikahn23 (1460 in chips) 
Rolcsi1979: posts small blind 10
ollikahn23: posts big blind 20
*** HOLE CARDS ***
Dealt to ollikahn23 [Ks Kc]
Rolcsi1979: raises 20 to 40
ollikahn23: raises 80 to 120
Rolcsi1979: calls 80
*** FLOP *** [9c 5h Ac]
ollikahn23: bets 120
Rolcsi1979: folds 
Uncalled bet (120) returned to ollikahn23
ollikahn23 collected 240 from pot
ollikahn23: doesn't show hand 
*** SUMMARY ***
Total pot 240 | Rake 0 
Board [9c 5h Ac]
Seat 1: Rolcsi1979 (button) (small blind) folded on the Flop
Seat 2: ollikahn23 (big blind) collected (240)



PokerStars Hand #186263234002: Tournament #2301843878, $1.40+$0.10 USD Hold'em No Limit - Match Round II, Level I (10/20) - 2018/05/10 23:15:06 CET [2018/05/10 17:15:06 ET]
Table '2301843878 1' 2-max Seat #2 is the button
Seat 1: Rolcsi1979 (1420 in chips) 
Seat 2: ollikahn23 (1580 in chips) 
ollikahn23: posts small blind 10
Rolcsi1979: posts big blind 20
*** HOLE CARDS ***
Dealt to ollikahn23 [Ts 4s]
ollikahn23: folds 
Uncalled bet (10) returned to Rolcsi1979
Rolcsi1979 collected 20 from pot
Rolcsi1979: doesn't show hand 
*** SUMMARY ***
Total pot 20 | Rake 0 
Seat 1: Rolcsi1979 (big blind) collected (20)
Seat 2: ollikahn23 (button) (small blind) folded before Flop



PokerStars Hand #186263239420: Tournament #2301843878, $1.40+$0.10 USD Hold'em No Limit - Match Round II, Level I (10/20) - 2018/05/10 23:15:13 CET [2018/05/10 17:15:13 ET]
Table '2301843878 1' 2-max Seat #1 is the button
Seat 1: Rolcsi1979 (1430 in chips) 
Seat 2: ollikahn23 (1570 in chips) 
Rolcsi1979: posts small blind 10
ollikahn23: posts big blind 20
*** HOLE CARDS ***
Dealt to ollikahn23 [8h Ah]
Rolcsi1979: raises 20 to 40
ollikahn23: calls 20
*** FLOP *** [3d 7c Ad]
ollikahn23: checks 
Rolcsi1979: checks 
*** TURN *** [3d 7c Ad] [6s]
ollikahn23: bets 65
Rolcsi1979: folds 
Uncalled bet (65) returned to ollikahn23
ollikahn23 collected 80 from pot
ollikahn23: doesn't show hand 
*** SUMMARY ***
Total pot 80 | Rake 0 
Board [3d 7c Ad 6s]
Seat 1: Rolcsi1979 (button) (small blind) folded on the Turn
Seat 2: ollikahn23 (big blind) collected (80)



PokerStars Hand #186263252201: Tournament #2301843878, $1.40+$0.10 USD Hold'em No Limit - Match Round II, Level I (10/20) - 2018/05/10 23:15:29 CET [2018/05/10 17:15:29 ET]
Table '2301843878 1' 2-max Seat #2 is the button
Seat 1: Rolcsi1979 (1390 in chips) 
Seat 2: ollikahn23 (1610 in chips) 
ollikahn23: posts small blind 10
Rolcsi1979: posts big blind 20
*** HOLE CARDS ***
Dealt to ollikahn23 [2d Jd]
ollikahn23: raises 20 to 40
Rolcsi1979: calls 20
*** FLOP *** [3s 5h Qh]
Rolcsi1979: bets 20
ollikahn23: raises 30 to 50
Rolcsi1979: folds 
Uncalled bet (30) returned to ollikahn23
ollikahn23 collected 120 from pot
ollikahn23: doesn't show hand 
*** SUMMARY ***
Total pot 120 | Rake 0 
Board [3s 5h Qh]
Seat 1: Rolcsi1979 (big blind) folded on the Flop
Seat 2: ollikahn23 (button) (small blind) collected (120)



PokerStars Hand #186263265190: Tournament #2301843878, $1.40+$0.10 USD Hold'em No Limit - Match Round II, Level I (10/20) - 2018/05/10 23:15:44 CET [2018/05/10 17:15:44 ET]
Table '2301843878 1' 2-max Seat #1 is the button
Seat 1: Rolcsi1979 (1330 in chips) 
Seat 2: ollikahn23 (1670 in chips) 
Rolcsi1979: posts small blind 10
ollikahn23: posts big blind 20
*** HOLE CARDS ***
Dealt to ollikahn23 [Ts Qc]
Rolcsi1979: folds 
Uncalled bet (10) returned to ollikahn23
ollikahn23 collected 20 from pot
ollikahn23: doesn't show hand 
*** SUMMARY ***
Total pot 20 | Rake 0 
Seat 1: Rolcsi1979 (button) (small blind) folded before Flop
Seat 2: ollikahn23 (big blind) collected (20)



PokerStars Hand #186263269577: Tournament #2301843878, $1.40+$0.10 USD Hold'em No Limit - Match Round II, Level I (10/20) - 2018/05/10 23:15:50 CET [2018/05/10 17:15:50 ET]
Table '2301843878 1' 2-max Seat #2 is the button
Seat 1: Rolcsi1979 (1320 in chips) 
Seat 2: ollikahn23 (1680 in chips) 
ollikahn23: posts small blind 10
Rolcsi1979: posts big blind 20
*** HOLE CARDS ***
Dealt to ollikahn23 [Qh Ac]
ollikahn23: raises 20 to 40
Rolcsi1979: calls 20
*** FLOP *** [3h 5d 7c]
Rolcsi1979: bets 20
ollikahn23: calls 20
*** TURN *** [3h 5d 7c] [Ks]
Rolcsi1979: bets 20
ollikahn23: raises 50 to 70
Rolcsi1979: calls 50
*** RIVER *** [3h 5d 7c Ks] [4h]
Rolcsi1979: checks 
ollikahn23: checks 
*** SHOW DOWN ***
Rolcsi1979: shows [4s Ts] (a pair of Fours)
ollikahn23: mucks hand 
Rolcsi1979 collected 260 from pot
*** SUMMARY ***
Total pot 260 | Rake 0 
Board [3h 5d 7c Ks 4h]
Seat 1: Rolcsi1979 (big blind) showed [4s Ts] and won (260) with a pair of Fours
Seat 2: ollikahn23 (button) (small blind) mucked [Qh Ac]



PokerStars Hand #186263292948: Tournament #2301843878, $1.40+$0.10 USD Hold'em No Limit - Match Round II, Level I (10/20) - 2018/05/10 23:16:18 CET [2018/05/10 17:16:18 ET]
Table '2301843878 1' 2-max Seat #1 is the button
Seat 1: Rolcsi1979 (1450 in chips) 
Seat 2: ollikahn23 (1550 in chips) 
Rolcsi1979: posts small blind 10
ollikahn23: posts big blind 20
*** HOLE CARDS ***
Dealt to ollikahn23 [7s Ks]
Rolcsi1979: raises 20 to 40
ollikahn23: calls 20
*** FLOP *** [9h Jd 3s]
ollikahn23: checks 
Rolcsi1979: checks 
*** TURN *** [9h Jd 3s] [4c]
ollikahn23: bets 45
Rolcsi1979: calls 45
*** RIVER *** [9h Jd 3s 4c] [Kc]
ollikahn23: bets 120
Rolcsi1979: folds 
Uncalled bet (120) returned to ollikahn23
ollikahn23 collected 170 from pot
ollikahn23: doesn't show hand 
*** SUMMARY ***
Total pot 170 | Rake 0 
Board [9h Jd 3s 4c Kc]
Seat 1: Rolcsi1979 (button) (small blind) folded on the River
Seat 2: ollikahn23 (big blind) collected (170)



PokerStars Hand #186263314171: Tournament #2301843878, $1.40+$0.10 USD Hold'em No Limit - Match Round II, Level I (10/20) - 2018/05/10 23:16:44 CET [2018/05/10 17:16:44 ET]
Table '2301843878 1' 2-max Seat #2 is the button
Seat 1: Rolcsi1979 (1365 in chips) 
Seat 2: ollikahn23 (1635 in chips) 
ollikahn23: posts small blind 10
Rolcsi1979: posts big blind 20
*** HOLE CARDS ***
Dealt to ollikahn23 [7c 6c]
ollikahn23: folds 
Uncalled bet (10) returned to Rolcsi1979
Rolcsi1979 collected 20 from pot
Rolcsi1979: doesn't show hand 
*** SUMMARY ***
Total pot 20 | Rake 0 
Seat 1: Rolcsi1979 (big blind) collected (20)
Seat 2: ollikahn23 (button) (small blind) folded before Flop



PokerStars Hand #186263318646: Tournament #2301843878, $1.40+$0.10 USD Hold'em No Limit - Match Round II, Level I (10/20) - 2018/05/10 23:16:49 CET [2018/05/10 17:16:49 ET]
Table '2301843878 1' 2-max Seat #1 is the button
Seat 1: Rolcsi1979 (1375 in chips) 
Seat 2: ollikahn23 (1625 in chips) 
Rolcsi1979: posts small blind 10
ollikahn23: posts big blind 20
*** HOLE CARDS ***
Dealt to ollikahn23 [2h 3h]
Rolcsi1979: raises 20 to 40
ollikahn23: calls 20
*** FLOP *** [3d Tc 4d]
ollikahn23: checks 
Rolcsi1979: checks 
*** TURN *** [3d Tc 4d] [5h]
ollikahn23: bets 45
Rolcsi1979: folds 
Uncalled bet (45) returned to ollikahn23
ollikahn23 collected 80 from pot
ollikahn23: doesn't show hand 
*** SUMMARY ***
Total pot 80 | Rake 0 
Board [3d Tc 4d 5h]
Seat 1: Rolcsi1979 (button) (small blind) folded on the Turn
Seat 2: ollikahn23 (big blind) collected (80)



PokerStars Hand #186263330555: Tournament #2301843878, $1.40+$0.10 USD Hold'em No Limit - Match Round II, Level I (10/20) - 2018/05/10 23:17:04 CET [2018/05/10 17:17:04 ET]
Table '2301843878 1' 2-max Seat #2 is the button
Seat 1: Rolcsi1979 (1335 in chips) 
Seat 2: ollikahn23 (1665 in chips) 
ollikahn23: posts small blind 10
Rolcsi1979: posts big blind 20
*** HOLE CARDS ***
Dealt to ollikahn23 [Jh 6c]
ollikahn23: folds 
Uncalled bet (10) returned to Rolcsi1979
Rolcsi1979 collected 20 from pot
Rolcsi1979: doesn't show hand 
*** SUMMARY ***
Total pot 20 | Rake 0 
Seat 1: Rolcsi1979 (big blind) collected (20)
Seat 2: ollikahn23 (button) (small blind) folded before Flop



PokerStars Hand #186263335190: Tournament #2301843878, $1.40+$0.10 USD Hold'em No Limit - Match Round II, Level I (10/20) - 2018/05/10 23:17:10 CET [2018/05/10 17:17:10 ET]
Table '2301843878 1' 2-max Seat #1 is the button
Seat 1: Rolcsi1979 (1345 in chips) 
Seat 2: ollikahn23 (1655 in chips) 
Rolcsi1979: posts small blind 10
ollikahn23: posts big blind 20
*** HOLE CARDS ***
Dealt to ollikahn23 [7h 3s]
Rolcsi1979: calls 10
ollikahn23: checks 
*** FLOP *** [8d Qd Js]
ollikahn23: checks 
Rolcsi1979: bets 40
ollikahn23: folds 
Uncalled bet (40) returned to Rolcsi1979
Rolcsi1979 collected 40 from pot
Rolcsi1979: doesn't show hand 
*** SUMMARY ***
Total pot 40 | Rake 0 
Board [8d Qd Js]
Seat 1: Rolcsi1979 (button) (small blind) collected (40)
Seat 2: ollikahn23 (big blind) folded on the Flop



PokerStars Hand #186263347454: Tournament #2301843878, $1.40+$0.10 USD Hold'em No Limit - Match Round II, Level II (15/30) - 2018/05/10 23:17:25 CET [2018/05/10 17:17:25 ET]
Table '2301843878 1' 2-max Seat #2 is the button
Seat 1: Rolcsi1979 (1365 in chips) 
Seat 2: ollikahn23 (1635 in chips) 
ollikahn23: posts small blind 15
Rolcsi1979: posts big blind 30
*** HOLE CARDS ***
Dealt to ollikahn23 [7s Ts]
ollikahn23: raises 30 to 60
Rolcsi1979: calls 30
*** FLOP *** [6s 8d Jh]
Rolcsi1979: bets 30
ollikahn23: raises 40 to 70
Rolcsi1979: calls 40
*** TURN *** [6s 8d Jh] [Ks]
Rolcsi1979: checks 
ollikahn23: bets 155
Rolcsi1979: folds 
Uncalled bet (155) returned to ollikahn23
ollikahn23 collected 260 from pot
ollikahn23: doesn't show hand 
*** SUMMARY ***
Total pot 260 | Rake 0 
Board [6s 8d Jh Ks]
Seat 1: Rolcsi1979 (big blind) folded on the Turn
Seat 2: ollikahn23 (button) (small blind) collected (260)



PokerStars Hand #186263366673: Tournament #2301843878, $1.40+$0.10 USD Hold'em No Limit - Match Round II, Level II (15/30) - 2018/05/10 23:17:49 CET [2018/05/10 17:17:49 ET]
Table '2301843878 1' 2-max Seat #1 is the button
Seat 1: Rolcsi1979 (1235 in chips) 
Seat 2: ollikahn23 (1765 in chips) 
Rolcsi1979: posts small blind 15
ollikahn23: posts big blind 30
*** HOLE CARDS ***
Dealt to ollikahn23 [Qh 9s]
Rolcsi1979: calls 15
ollikahn23: checks 
*** FLOP *** [8c 4s 2s]
ollikahn23: checks 
Rolcsi1979: checks 
*** TURN *** [8c 4s 2s] [Jd]
ollikahn23: checks 
Rolcsi1979: checks 
*** RIVER *** [8c 4s 2s Jd] [6h]
ollikahn23: bets 35
Rolcsi1979: raises 35 to 70
ollikahn23: folds 
Uncalled bet (35) returned to Rolcsi1979
Rolcsi1979 collected 130 from pot
Rolcsi1979: doesn't show hand 
*** SUMMARY ***
Total pot 130 | Rake 0 
Board [8c 4s 2s Jd 6h]
Seat 1: Rolcsi1979 (button) (small blind) collected (130)
Seat 2: ollikahn23 (big blind) folded on the River



PokerStars Hand #186263382588: Tournament #2301843878, $1.40+$0.10 USD Hold'em No Limit - Match Round II, Level II (15/30) - 2018/05/10 23:18:08 CET [2018/05/10 17:18:08 ET]
Table '2301843878 1' 2-max Seat #2 is the button
Seat 1: Rolcsi1979 (1300 in chips) 
Seat 2: ollikahn23 (1700 in chips) 
ollikahn23: posts small blind 15
Rolcsi1979: posts big blind 30
*** HOLE CARDS ***
Dealt to ollikahn23 [7d 5s]
ollikahn23: folds 
Uncalled bet (15) returned to Rolcsi1979
Rolcsi1979 collected 30 from pot
Rolcsi1979: doesn't show hand 
*** SUMMARY ***
Total pot 30 | Rake 0 
Seat 1: Rolcsi1979 (big blind) collected (30)
Seat 2: ollikahn23 (button) (small blind) folded before Flop



PokerStars Hand #186263387219: Tournament #2301843878, $1.40+$0.10 USD Hold'em No Limit - Match Round II, Level II (15/30) - 2018/05/10 23:18:14 CET [2018/05/10 17:18:14 ET]
Table '2301843878 1' 2-max Seat #1 is the button
Seat 1: Rolcsi1979 (1315 in chips) 
Seat 2: ollikahn23 (1685 in chips) 
Rolcsi1979: posts small blind 15
ollikahn23: posts big blind 30
*** HOLE CARDS ***
Dealt to ollikahn23 [Th Qd]
Rolcsi1979: raises 30 to 60
ollikahn23: calls 30
*** FLOP *** [7d 2d 6c]
ollikahn23: checks 
Rolcsi1979: checks 
*** TURN *** [7d 2d 6c] [3h]
ollikahn23: checks 
Rolcsi1979: checks 
*** RIVER *** [7d 2d 6c 3h] [5c]
ollikahn23: bets 85
Rolcsi1979: folds 
Uncalled bet (85) returned to ollikahn23
ollikahn23 collected 120 from pot
ollikahn23: doesn't show hand 
*** SUMMARY ***
Total pot 120 | Rake 0 
Board [7d 2d 6c 3h 5c]
Seat 1: Rolcsi1979 (button) (small blind) folded on the River
Seat 2: ollikahn23 (big blind) collected (120)



PokerStars Hand #186263402960: Tournament #2301843878, $1.40+$0.10 USD Hold'em No Limit - Match Round II, Level II (15/30) - 2018/05/10 23:18:33 CET [2018/05/10 17:18:33 ET]
Table '2301843878 1' 2-max Seat #2 is the button
Seat 1: Rolcsi1979 (1255 in chips) 
Seat 2: ollikahn23 (1745 in chips) 
ollikahn23: posts small blind 15
Rolcsi1979: posts big blind 30
*** HOLE CARDS ***
Dealt to ollikahn23 [9h Kc]
ollikahn23: raises 30 to 60
Rolcsi1979: calls 30
*** FLOP *** [4h Js 6d]
Rolcsi1979: checks 
ollikahn23: checks 
*** TURN *** [4h Js 6d] [Kh]
Rolcsi1979: checks 
ollikahn23: bets 65
Rolcsi1979: calls 65
*** RIVER *** [4h Js 6d Kh] [3h]
Rolcsi1979: checks 
ollikahn23: bets 130
Rolcsi1979: raises 980 to 1110
ollikahn23: folds 
Uncalled bet (980) returned to Rolcsi1979
Rolcsi1979 collected 510 from pot
Rolcsi1979: doesn't show hand 
*** SUMMARY ***
Total pot 510 | Rake 0 
Board [4h Js 6d Kh 3h]
Seat 1: Rolcsi1979 (big blind) collected (510)
Seat 2: ollikahn23 (button) (small blind) folded on the River



PokerStars Hand #186263436612: Tournament #2301843878, $1.40+$0.10 USD Hold'em No Limit - Match Round II, Level II (15/30) - 2018/05/10 23:19:15 CET [2018/05/10 17:19:15 ET]
Table '2301843878 1' 2-max Seat #1 is the button
Seat 1: Rolcsi1979 (1510 in chips) 
Seat 2: ollikahn23 (1490 in chips) 
Rolcsi1979: posts small blind 15
ollikahn23: posts big blind 30
*** HOLE CARDS ***
Dealt to ollikahn23 [6h 3c]
Rolcsi1979: calls 15
ollikahn23: checks 
*** FLOP *** [Ah Ks 9c]
ollikahn23: checks 
Rolcsi1979: checks 
*** TURN *** [Ah Ks 9c] [7h]
ollikahn23: checks 
Rolcsi1979: checks 
*** RIVER *** [Ah Ks 9c 7h] [8c]
ollikahn23: checks 
Rolcsi1979: bets 60
ollikahn23: folds 
Uncalled bet (60) returned to Rolcsi1979
Rolcsi1979 collected 60 from pot
Rolcsi1979: doesn't show hand 
*** SUMMARY ***
Total pot 60 | Rake 0 
Board [Ah Ks 9c 7h 8c]
Seat 1: Rolcsi1979 (button) (small blind) collected (60)
Seat 2: ollikahn23 (big blind) folded on the River



PokerStars Hand #186263450326: Tournament #2301843878, $1.40+$0.10 USD Hold'em No Limit - Match Round II, Level II (15/30) - 2018/05/10 23:19:32 CET [2018/05/10 17:19:32 ET]
Table '2301843878 1' 2-max Seat #2 is the button
Seat 1: Rolcsi1979 (1540 in chips) 
Seat 2: ollikahn23 (1460 in chips) 
ollikahn23: posts small blind 15
Rolcsi1979: posts big blind 30
*** HOLE CARDS ***
Dealt to ollikahn23 [3c 7d]
ollikahn23: folds 
Uncalled bet (15) returned to Rolcsi1979
Rolcsi1979 collected 30 from pot
Rolcsi1979: doesn't show hand 
*** SUMMARY ***
Total pot 30 | Rake 0 
Seat 1: Rolcsi1979 (big blind) collected (30)
Seat 2: ollikahn23 (button) (small blind) folded before Flop



PokerStars Hand #186263454553: Tournament #2301843878, $1.40+$0.10 USD Hold'em No Limit - Match Round II, Level II (15/30) - 2018/05/10 23:19:37 CET [2018/05/10 17:19:37 ET]
Table '2301843878 1' 2-max Seat #1 is the button
Seat 1: Rolcsi1979 (1555 in chips) 
Seat 2: ollikahn23 (1445 in chips) 
Rolcsi1979: posts small blind 15
ollikahn23: posts big blind 30
*** HOLE CARDS ***
Dealt to ollikahn23 [2d Kc]
Rolcsi1979: calls 15
ollikahn23: checks 
*** FLOP *** [Qs 2c 8h]
ollikahn23: checks 
Rolcsi1979: checks 
*** TURN *** [Qs 2c 8h] [8c]
ollikahn23: bets 45
Rolcsi1979: calls 45
*** RIVER *** [Qs 2c 8h 8c] [3d]
ollikahn23: bets 65
Rolcsi1979: calls 65
*** SHOW DOWN ***
ollikahn23: shows [2d Kc] (two pair, Eights and Deuces)
Rolcsi1979: shows [5h Qd] (two pair, Queens and Eights)
Rolcsi1979 collected 280 from pot
*** SUMMARY ***
Total pot 280 | Rake 0 
Board [Qs 2c 8h 8c 3d]
Seat 1: Rolcsi1979 (button) (small blind) showed [5h Qd] and won (280) with two pair, Queens and Eights
Seat 2: ollikahn23 (big blind) showed [2d Kc] and lost with two pair, Eights and Deuces



PokerStars Hand #186263475139: Tournament #2301843878, $1.40+$0.10 USD Hold'em No Limit - Match Round II, Level II (15/30) - 2018/05/10 23:20:02 CET [2018/05/10 17:20:02 ET]
Table '2301843878 1' 2-max Seat #2 is the button
Seat 1: Rolcsi1979 (1695 in chips) 
Seat 2: ollikahn23 (1305 in chips) 
ollikahn23: posts small blind 15
Rolcsi1979: posts big blind 30
*** HOLE CARDS ***
Dealt to ollikahn23 [Jd 9s]
ollikahn23: raises 30 to 60
Rolcsi1979: calls 30
*** FLOP *** [Jh 4h 3d]
Rolcsi1979: checks 
ollikahn23: bets 65
Rolcsi1979: folds 
Uncalled bet (65) returned to ollikahn23
ollikahn23 collected 120 from pot
ollikahn23: doesn't show hand 
*** SUMMARY ***
Total pot 120 | Rake 0 
Board [Jh 4h 3d]
Seat 1: Rolcsi1979 (big blind) folded on the Flop
Seat 2: ollikahn23 (button) (small blind) collected (120)



PokerStars Hand #186263491550: Tournament #2301843878, $1.40+$0.10 USD Hold'em No Limit - Match Round II, Level III (20/40) - 2018/05/10 23:20:23 CET [2018/05/10 17:20:23 ET]
Table '2301843878 1' 2-max Seat #1 is the button
Seat 1: Rolcsi1979 (1635 in chips) 
Seat 2: ollikahn23 (1365 in chips) 
Rolcsi1979: posts small blind 20
ollikahn23: posts big blind 40
*** HOLE CARDS ***
Dealt to ollikahn23 [Qs Tc]
Rolcsi1979: calls 20
ollikahn23: checks 
*** FLOP *** [Ac 2s 7s]
ollikahn23: checks 
Rolcsi1979: bets 120
ollikahn23: folds 
Uncalled bet (120) returned to Rolcsi1979
Rolcsi1979 collected 80 from pot
Rolcsi1979: doesn't show hand 
*** SUMMARY ***
Total pot 80 | Rake 0 
Board [Ac 2s 7s]
Seat 1: Rolcsi1979 (button) (small blind) collected (80)
Seat 2: ollikahn23 (big blind) folded on the Flop



PokerStars Hand #186263501190: Tournament #2301843878, $1.40+$0.10 USD Hold'em No Limit - Match Round II, Level III (20/40) - 2018/05/10 23:20:35 CET [2018/05/10 17:20:35 ET]
Table '2301843878 1' 2-max Seat #2 is the button
Seat 1: Rolcsi1979 (1675 in chips) 
Seat 2: ollikahn23 (1325 in chips) 
ollikahn23: posts small blind 20
Rolcsi1979: posts big blind 40
*** HOLE CARDS ***
Dealt to ollikahn23 [8s 4d]
ollikahn23: folds 
Uncalled bet (20) returned to Rolcsi1979
Rolcsi1979 collected 40 from pot
Rolcsi1979: doesn't show hand 
*** SUMMARY ***
Total pot 40 | Rake 0 
Seat 1: Rolcsi1979 (big blind) collected (40)
Seat 2: ollikahn23 (button) (small blind) folded before Flop



PokerStars Hand #186263505745: Tournament #2301843878, $1.40+$0.10 USD Hold'em No Limit - Match Round II, Level III (20/40) - 2018/05/10 23:20:40 CET [2018/05/10 17:20:40 ET]
Table '2301843878 1' 2-max Seat #1 is the button
Seat 1: Rolcsi1979 (1695 in chips) 
Seat 2: ollikahn23 (1305 in chips) 
Rolcsi1979: posts small blind 20
ollikahn23: posts big blind 40
*** HOLE CARDS ***
Dealt to ollikahn23 [3d Jd]
Rolcsi1979: calls 20
ollikahn23: checks 
*** FLOP *** [Jc Tc Td]
ollikahn23: checks 
Rolcsi1979: bets 80
ollikahn23: calls 80
*** TURN *** [Jc Tc Td] [8h]
ollikahn23: checks 
Rolcsi1979: bets 80
ollikahn23: calls 80
*** RIVER *** [Jc Tc Td 8h] [5h]
ollikahn23: checks 
Rolcsi1979: checks 
*** SHOW DOWN ***
ollikahn23: shows [3d Jd] (two pair, Jacks and Tens)
Rolcsi1979: mucks hand 
ollikahn23 collected 400 from pot
*** SUMMARY ***
Total pot 400 | Rake 0 
Board [Jc Tc Td 8h 5h]
Seat 1: Rolcsi1979 (button) (small blind) mucked [3h 3s]
Seat 2: ollikahn23 (big blind) showed [3d Jd] and won (400) with two pair, Jacks and Tens



PokerStars Hand #186263523629: Tournament #2301843878, $1.40+$0.10 USD Hold'em No Limit - Match Round II, Level III (20/40) - 2018/05/10 23:21:02 CET [2018/05/10 17:21:02 ET]
Table '2301843878 1' 2-max Seat #2 is the button
Seat 1: Rolcsi1979 (1495 in chips) 
Seat 2: ollikahn23 (1505 in chips) 
ollikahn23: posts small blind 20
Rolcsi1979: posts big blind 40
*** HOLE CARDS ***
Dealt to ollikahn23 [9d 5h]
ollikahn23: folds 
Uncalled bet (20) returned to Rolcsi1979
Rolcsi1979 collected 40 from pot
Rolcsi1979: doesn't show hand 
*** SUMMARY ***
Total pot 40 | Rake 0 
Seat 1: Rolcsi1979 (big blind) collected (40)
Seat 2: ollikahn23 (button) (small blind) folded before Flop



PokerStars Hand #186263530413: Tournament #2301843878, $1.40+$0.10 USD Hold'em No Limit - Match Round II, Level III (20/40) - 2018/05/10 23:21:10 CET [2018/05/10 17:21:10 ET]
Table '2301843878 1' 2-max Seat #1 is the button
Seat 1: Rolcsi1979 (1515 in chips) 
Seat 2: ollikahn23 (1485 in chips) 
Rolcsi1979: posts small blind 20
ollikahn23: posts big blind 40
*** HOLE CARDS ***
Dealt to ollikahn23 [Kc 3h]
Rolcsi1979: calls 20
ollikahn23: checks 
*** FLOP *** [Kd Kh Qs]
ollikahn23: checks 
Rolcsi1979: checks 
*** TURN *** [Kd Kh Qs] [9d]
ollikahn23: bets 55
Rolcsi1979: calls 55
*** RIVER *** [Kd Kh Qs 9d] [Tc]
ollikahn23: checks 
Rolcsi1979: bets 80
ollikahn23: calls 80
*** SHOW DOWN ***
Rolcsi1979: shows [Jd 6d] (a straight, Nine to King)
ollikahn23: mucks hand 
Rolcsi1979 collected 350 from pot
*** SUMMARY ***
Total pot 350 | Rake 0 
Board [Kd Kh Qs 9d Tc]
Seat 1: Rolcsi1979 (button) (small blind) showed [Jd 6d] and won (350) with a straight, Nine to King
Seat 2: ollikahn23 (big blind) mucked [Kc 3h]



PokerStars Hand #186263547635: Tournament #2301843878, $1.40+$0.10 USD Hold'em No Limit - Match Round II, Level III (20/40) - 2018/05/10 23:21:32 CET [2018/05/10 17:21:32 ET]
Table '2301843878 1' 2-max Seat #2 is the button
Seat 1: Rolcsi1979 (1690 in chips) 
Seat 2: ollikahn23 (1310 in chips) 
ollikahn23: posts small blind 20
Rolcsi1979: posts big blind 40
*** HOLE CARDS ***
Dealt to ollikahn23 [4d 8s]
ollikahn23: folds 
Uncalled bet (20) returned to Rolcsi1979
Rolcsi1979 collected 40 from pot
Rolcsi1979: doesn't show hand 
*** SUMMARY ***
Total pot 40 | Rake 0 
Seat 1: Rolcsi1979 (big blind) collected (40)
Seat 2: ollikahn23 (button) (small blind) folded before Flop



PokerStars Hand #186263552327: Tournament #2301843878, $1.40+$0.10 USD Hold'em No Limit - Match Round II, Level III (20/40) - 2018/05/10 23:21:37 CET [2018/05/10 17:21:37 ET]
Table '2301843878 1' 2-max Seat #1 is the button
Seat 1: Rolcsi1979 (1710 in chips) 
Seat 2: ollikahn23 (1290 in chips) 
Rolcsi1979: posts small blind 20
ollikahn23: posts big blind 40
*** HOLE CARDS ***
Dealt to ollikahn23 [Qs 9d]
Rolcsi1979: calls 20
ollikahn23: checks 
*** FLOP *** [5h 2s 9c]
ollikahn23: checks 
Rolcsi1979: bets 40
ollikahn23: raises 45 to 85
Rolcsi1979: folds 
Uncalled bet (45) returned to ollikahn23
ollikahn23 collected 160 from pot
ollikahn23: doesn't show hand 
*** SUMMARY ***
Total pot 160 | Rake 0 
Board [5h 2s 9c]
Seat 1: Rolcsi1979 (button) (small blind) folded on the Flop
Seat 2: ollikahn23 (big blind) collected (160)



PokerStars Hand #186263564802: Tournament #2301843878, $1.40+$0.10 USD Hold'em No Limit - Match Round II, Level III (20/40) - 2018/05/10 23:21:52 CET [2018/05/10 17:21:52 ET]
Table '2301843878 1' 2-max Seat #2 is the button
Seat 1: Rolcsi1979 (1630 in chips) 
Seat 2: ollikahn23 (1370 in chips) 
ollikahn23: posts small blind 20
Rolcsi1979: posts big blind 40
*** HOLE CARDS ***
Dealt to ollikahn23 [8d 8s]
ollikahn23: raises 40 to 80
Rolcsi1979: calls 40
*** FLOP *** [3d 3h 7c]
Rolcsi1979: checks 
ollikahn23: bets 110
Rolcsi1979: folds 
Uncalled bet (110) returned to ollikahn23
ollikahn23 collected 160 from pot
ollikahn23: doesn't show hand 
*** SUMMARY ***
Total pot 160 | Rake 0 
Board [3d 3h 7c]
Seat 1: Rolcsi1979 (big blind) folded on the Flop
Seat 2: ollikahn23 (button) (small blind) collected (160)



PokerStars Hand #186263578337: Tournament #2301843878, $1.40+$0.10 USD Hold'em No Limit - Match Round II, Level III (20/40) - 2018/05/10 23:22:09 CET [2018/05/10 17:22:09 ET]
Table '2301843878 1' 2-max Seat #1 is the button
Seat 1: Rolcsi1979 (1550 in chips) 
Seat 2: ollikahn23 (1450 in chips) 
Rolcsi1979: posts small blind 20
ollikahn23: posts big blind 40
*** HOLE CARDS ***
Dealt to ollikahn23 [Ah 2c]
Rolcsi1979: raises 40 to 80
ollikahn23: calls 40
*** FLOP *** [4s 5d 9d]
ollikahn23: checks 
Rolcsi1979: bets 1470 and is all-in
ollikahn23: folds 
Uncalled bet (1470) returned to Rolcsi1979
Rolcsi1979 collected 160 from pot
Rolcsi1979: doesn't show hand 
*** SUMMARY ***
Total pot 160 | Rake 0 
Board [4s 5d 9d]
Seat 1: Rolcsi1979 (button) (small blind) collected (160)
Seat 2: ollikahn23 (big blind) folded on the Flop



PokerStars Hand #186263593137: Tournament #2301843878, $1.40+$0.10 USD Hold'em No Limit - Match Round II, Level III (20/40) - 2018/05/10 23:22:28 CET [2018/05/10 17:22:28 ET]
Table '2301843878 1' 2-max Seat #2 is the button
Seat 1: Rolcsi1979 (1630 in chips) 
Seat 2: ollikahn23 (1370 in chips) 
ollikahn23: posts small blind 20
Rolcsi1979: posts big blind 40
*** HOLE CARDS ***
Dealt to ollikahn23 [3c 7c]
ollikahn23: folds 
Uncalled bet (20) returned to Rolcsi1979
Rolcsi1979 collected 40 from pot
Rolcsi1979: doesn't show hand 
*** SUMMARY ***
Total pot 40 | Rake 0 
Seat 1: Rolcsi1979 (big blind) collected (40)
Seat 2: ollikahn23 (button) (small blind) folded before Flop



PokerStars Hand #186263597291: Tournament #2301843878, $1.40+$0.10 USD Hold'em No Limit - Match Round II, Level III (20/40) - 2018/05/10 23:22:33 CET [2018/05/10 17:22:33 ET]
Table '2301843878 1' 2-max Seat #1 is the button
Seat 1: Rolcsi1979 (1650 in chips) 
Seat 2: ollikahn23 (1350 in chips) 
Rolcsi1979: posts small blind 20
ollikahn23: posts big blind 40
*** HOLE CARDS ***
Dealt to ollikahn23 [7s 9h]
Rolcsi1979: calls 20
ollikahn23: checks 
*** FLOP *** [7h 4c 5c]
ollikahn23: bets 55
Rolcsi1979: calls 55
*** TURN *** [7h 4c 5c] [Kh]
ollikahn23: bets 85
Rolcsi1979: calls 85
*** RIVER *** [7h 4c 5c Kh] [6c]
ollikahn23: checks 
Rolcsi1979: checks 
*** SHOW DOWN ***
ollikahn23: shows [7s 9h] (a pair of Sevens)
Rolcsi1979: mucks hand 
ollikahn23 collected 360 from pot
*** SUMMARY ***
Total pot 360 | Rake 0 
Board [7h 4c 5c Kh 6c]
Seat 1: Rolcsi1979 (button) (small blind) mucked [Qd 5s]
Seat 2: ollikahn23 (big blind) showed [7s 9h] and won (360) with a pair of Sevens



PokerStars Hand #186263617691: Tournament #2301843878, $1.40+$0.10 USD Hold'em No Limit - Match Round II, Level III (20/40) - 2018/05/10 23:22:58 CET [2018/05/10 17:22:58 ET]
Table '2301843878 1' 2-max Seat #2 is the button
Seat 1: Rolcsi1979 (1470 in chips) 
Seat 2: ollikahn23 (1530 in chips) 
ollikahn23: posts small blind 20
Rolcsi1979: posts big blind 40
*** HOLE CARDS ***
Dealt to ollikahn23 [9d Kc]
ollikahn23: raises 40 to 80
Rolcsi1979: folds 
Uncalled bet (40) returned to ollikahn23
ollikahn23 collected 80 from pot
ollikahn23: doesn't show hand 
*** SUMMARY ***
Total pot 80 | Rake 0 
Seat 1: Rolcsi1979 (big blind) folded before Flop
Seat 2: ollikahn23 (button) (small blind) collected (80)



PokerStars Hand #186263623615: Tournament #2301843878, $1.40+$0.10 USD Hold'em No Limit - Match Round II, Level III (20/40) - 2018/05/10 23:23:05 CET [2018/05/10 17:23:05 ET]
Table '2301843878 1' 2-max Seat #1 is the button
Seat 1: Rolcsi1979 (1430 in chips) 
Seat 2: ollikahn23 (1570 in chips) 
Rolcsi1979: posts small blind 20
ollikahn23: posts big blind 40
*** HOLE CARDS ***
Dealt to ollikahn23 [Qd Qs]
Rolcsi1979: folds 
Uncalled bet (20) returned to ollikahn23
ollikahn23 collected 40 from pot
ollikahn23: doesn't show hand 
*** SUMMARY ***
Total pot 40 | Rake 0 
Seat 1: Rolcsi1979 (button) (small blind) folded before Flop
Seat 2: ollikahn23 (big blind) collected (40)



PokerStars Hand #186263628018: Tournament #2301843878, $1.40+$0.10 USD Hold'em No Limit - Match Round II, Level III (20/40) - 2018/05/10 23:23:11 CET [2018/05/10 17:23:11 ET]
Table '2301843878 1' 2-max Seat #2 is the button
Seat 1: Rolcsi1979 (1410 in chips) 
Seat 2: ollikahn23 (1590 in chips) 
ollikahn23: posts small blind 20
Rolcsi1979: posts big blind 40
*** HOLE CARDS ***
Dealt to ollikahn23 [8s Tc]
ollikahn23: folds 
Uncalled bet (20) returned to Rolcsi1979
Rolcsi1979 collected 40 from pot
Rolcsi1979: doesn't show hand 
*** SUMMARY ***
Total pot 40 | Rake 0 
Seat 1: Rolcsi1979 (big blind) collected (40)
Seat 2: ollikahn23 (button) (small blind) folded before Flop



PokerStars Hand #186263637414: Tournament #2301843878, $1.40+$0.10 USD Hold'em No Limit - Match Round II, Level IV (25/50) - 2018/05/10 23:23:22 CET [2018/05/10 17:23:22 ET]
Table '2301843878 1' 2-max Seat #1 is the button
Seat 1: Rolcsi1979 (1430 in chips) 
Seat 2: ollikahn23 (1570 in chips) 
Rolcsi1979: posts small blind 25
ollikahn23: posts big blind 50
*** HOLE CARDS ***
Dealt to ollikahn23 [Ks 7s]
Rolcsi1979: calls 25
ollikahn23: checks 
*** FLOP *** [Ah 3c As]
ollikahn23: checks 
Rolcsi1979: checks 
*** TURN *** [Ah 3c As] [Jc]
ollikahn23: bets 55
Rolcsi1979: folds 
Uncalled bet (55) returned to ollikahn23
ollikahn23 collected 100 from pot
ollikahn23: doesn't show hand 
*** SUMMARY ***
Total pot 100 | Rake 0 
Board [Ah 3c As Jc]
Seat 1: Rolcsi1979 (button) (small blind) folded on the Turn
Seat 2: ollikahn23 (big blind) collected (100)



PokerStars Hand #186263654200: Tournament #2301843878, $1.40+$0.10 USD Hold'em No Limit - Match Round II, Level IV (25/50) - 2018/05/10 23:23:43 CET [2018/05/10 17:23:43 ET]
Table '2301843878 1' 2-max Seat #2 is the button
Seat 1: Rolcsi1979 (1380 in chips) 
Seat 2: ollikahn23 (1620 in chips) 
ollikahn23: posts small blind 25
Rolcsi1979: posts big blind 50
*** HOLE CARDS ***
Dealt to ollikahn23 [Qh Jh]
ollikahn23: raises 50 to 100
Rolcsi1979: calls 50
*** FLOP *** [Qd Ac Kh]
Rolcsi1979: checks 
ollikahn23: checks 
*** TURN *** [Qd Ac Kh] [5d]
Rolcsi1979: checks 
ollikahn23: bets 100
Rolcsi1979: calls 100
*** RIVER *** [Qd Ac Kh 5d] [3h]
Rolcsi1979: checks 
ollikahn23: checks 
*** SHOW DOWN ***
Rolcsi1979: shows [Kc 9s] (a pair of Kings)
ollikahn23: mucks hand 
Rolcsi1979 collected 400 from pot
*** SUMMARY ***
Total pot 400 | Rake 0 
Board [Qd Ac Kh 5d 3h]
Seat 1: Rolcsi1979 (big blind) showed [Kc 9s] and won (400) with a pair of Kings
Seat 2: ollikahn23 (button) (small blind) mucked [Qh Jh]



PokerStars Hand #186263670738: Tournament #2301843878, $1.40+$0.10 USD Hold'em No Limit - Match Round II, Level IV (25/50) - 2018/05/10 23:24:04 CET [2018/05/10 17:24:04 ET]
Table '2301843878 1' 2-max Seat #1 is the button
Seat 1: Rolcsi1979 (1580 in chips) 
Seat 2: ollikahn23 (1420 in chips) 
Rolcsi1979: posts small blind 25
ollikahn23: posts big blind 50
*** HOLE CARDS ***
Dealt to ollikahn23 [4d 9h]
Rolcsi1979: calls 25
ollikahn23: checks 
*** FLOP *** [Jc 5d Jd]
ollikahn23: checks 
Rolcsi1979: checks 
*** TURN *** [Jc 5d Jd] [6c]
ollikahn23: bets 55
Rolcsi1979: folds 
Uncalled bet (55) returned to ollikahn23
ollikahn23 collected 100 from pot
ollikahn23: doesn't show hand 
*** SUMMARY ***
Total pot 100 | Rake 0 
Board [Jc 5d Jd 6c]
Seat 1: Rolcsi1979 (button) (small blind) folded on the Turn
Seat 2: ollikahn23 (big blind) collected (100)



PokerStars Hand #186263683628: Tournament #2301843878, $1.40+$0.10 USD Hold'em No Limit - Match Round II, Level IV (25/50) - 2018/05/10 23:24:20 CET [2018/05/10 17:24:20 ET]
Table '2301843878 1' 2-max Seat #2 is the button
Seat 1: Rolcsi1979 (1530 in chips) 
Seat 2: ollikahn23 (1470 in chips) 
ollikahn23: posts small blind 25
Rolcsi1979: posts big blind 50
*** HOLE CARDS ***
Dealt to ollikahn23 [Jc 4d]
ollikahn23: raises 50 to 100
Rolcsi1979: folds 
Uncalled bet (50) returned to ollikahn23
ollikahn23 collected 100 from pot
ollikahn23: doesn't show hand 
*** SUMMARY ***
Total pot 100 | Rake 0 
Seat 1: Rolcsi1979 (big blind) folded before Flop
Seat 2: ollikahn23 (button) (small blind) collected (100)



PokerStars Hand #186263689576: Tournament #2301843878, $1.40+$0.10 USD Hold'em No Limit - Match Round II, Level IV (25/50) - 2018/05/10 23:24:27 CET [2018/05/10 17:24:27 ET]
Table '2301843878 1' 2-max Seat #1 is the button
Seat 1: Rolcsi1979 (1480 in chips) 
Seat 2: ollikahn23 (1520 in chips) 
Rolcsi1979: posts small blind 25
ollikahn23: posts big blind 50
*** HOLE CARDS ***
Dealt to ollikahn23 [5h As]
Rolcsi1979: calls 25
ollikahn23: checks 
*** FLOP *** [Qs Td Qh]
ollikahn23: checks 
Rolcsi1979: checks 
*** TURN *** [Qs Td Qh] [4h]
ollikahn23: checks 
Rolcsi1979: checks 
*** RIVER *** [Qs Td Qh 4h] [9d]
ollikahn23: checks 
Rolcsi1979: bets 150
ollikahn23: calls 150
*** SHOW DOWN ***
Rolcsi1979: shows [4c Qc] (a full house, Queens full of Fours)
ollikahn23: mucks hand 
Rolcsi1979 collected 400 from pot
*** SUMMARY ***
Total pot 400 | Rake 0 
Board [Qs Td Qh 4h 9d]
Seat 1: Rolcsi1979 (button) (small blind) showed [4c Qc] and won (400) with a full house, Queens full of Fours
Seat 2: ollikahn23 (big blind) mucked [5h As]



PokerStars Hand #186263707526: Tournament #2301843878, $1.40+$0.10 USD Hold'em No Limit - Match Round II, Level IV (25/50) - 2018/05/10 23:24:49 CET [2018/05/10 17:24:49 ET]
Table '2301843878 1' 2-max Seat #2 is the button
Seat 1: Rolcsi1979 (1680 in chips) 
Seat 2: ollikahn23 (1320 in chips) 
ollikahn23: posts small blind 25
Rolcsi1979: posts big blind 50
*** HOLE CARDS ***
Dealt to ollikahn23 [Ts 2h]
ollikahn23: folds 
Uncalled bet (25) returned to Rolcsi1979
Rolcsi1979 collected 50 from pot
Rolcsi1979: doesn't show hand 
*** SUMMARY ***
Total pot 50 | Rake 0 
Seat 1: Rolcsi1979 (big blind) collected (50)
Seat 2: ollikahn23 (button) (small blind) folded before Flop



PokerStars Hand #186263712077: Tournament #2301843878, $1.40+$0.10 USD Hold'em No Limit - Match Round II, Level IV (25/50) - 2018/05/10 23:24:55 CET [2018/05/10 17:24:55 ET]
Table '2301843878 1' 2-max Seat #1 is the button
Seat 1: Rolcsi1979 (1705 in chips) 
Seat 2: ollikahn23 (1295 in chips) 
Rolcsi1979: posts small blind 25
ollikahn23: posts big blind 50
*** HOLE CARDS ***
Dealt to ollikahn23 [7h 2c]
Rolcsi1979: calls 25
ollikahn23: checks 
*** FLOP *** [8d Qc 6d]
ollikahn23: checks 
Rolcsi1979: checks 
*** TURN *** [8d Qc 6d] [3h]
ollikahn23: checks 
Rolcsi1979: checks 
*** RIVER *** [8d Qc 6d 3h] [5s]
ollikahn23: bets 55
Rolcsi1979: calls 55
*** SHOW DOWN ***
ollikahn23: shows [7h 2c] (high card Queen)
Rolcsi1979: shows [Jh 3d] (a pair of Threes)
Rolcsi1979 collected 210 from pot
*** SUMMARY ***
Total pot 210 | Rake 0 
Board [8d Qc 6d 3h 5s]
Seat 1: Rolcsi1979 (button) (small blind) showed [Jh 3d] and won (210) with a pair of Threes
Seat 2: ollikahn23 (big blind) showed [7h 2c] and lost with high card Queen



PokerStars Hand #186263727454: Tournament #2301843878, $1.40+$0.10 USD Hold'em No Limit - Match Round II, Level IV (25/50) - 2018/05/10 23:25:14 CET [2018/05/10 17:25:14 ET]
Table '2301843878 1' 2-max Seat #2 is the button
Seat 1: Rolcsi1979 (1810 in chips) 
Seat 2: ollikahn23 (1190 in chips) 
ollikahn23: posts small blind 25
Rolcsi1979: posts big blind 50
*** HOLE CARDS ***
Dealt to ollikahn23 [6h Td]
ollikahn23: folds 
Uncalled bet (25) returned to Rolcsi1979
Rolcsi1979 collected 50 from pot
Rolcsi1979: doesn't show hand 
*** SUMMARY ***
Total pot 50 | Rake 0 
Seat 1: Rolcsi1979 (big blind) collected (50)
Seat 2: ollikahn23 (button) (small blind) folded before Flop



PokerStars Hand #186263732061: Tournament #2301843878, $1.40+$0.10 USD Hold'em No Limit - Match Round II, Level IV (25/50) - 2018/05/10 23:25:20 CET [2018/05/10 17:25:20 ET]
Table '2301843878 1' 2-max Seat #1 is the button
Seat 1: Rolcsi1979 (1835 in chips) 
Seat 2: ollikahn23 (1165 in chips) 
Rolcsi1979: posts small blind 25
ollikahn23: posts big blind 50
*** HOLE CARDS ***
Dealt to ollikahn23 [2c Tc]
Rolcsi1979: calls 25
ollikahn23: checks 
*** FLOP *** [6c 2s 8s]
ollikahn23: checks 
Rolcsi1979: bets 50
ollikahn23: calls 50
*** TURN *** [6c 2s 8s] [3s]
ollikahn23: bets 95
Rolcsi1979: calls 95
*** RIVER *** [6c 2s 8s 3s] [5s]
ollikahn23: bets 275
Rolcsi1979: calls 275
*** SHOW DOWN ***
ollikahn23: shows [2c Tc] (a pair of Deuces)
Rolcsi1979: shows [Js Jd] (a flush, Jack high)
Rolcsi1979 collected 940 from pot
*** SUMMARY ***
Total pot 940 | Rake 0 
Board [6c 2s 8s 3s 5s]
Seat 1: Rolcsi1979 (button) (small blind) showed [Js Jd] and won (940) with a flush, Jack high
Seat 2: ollikahn23 (big blind) showed [2c Tc] and lost with a pair of Deuces



PokerStars Hand #186263753828: Tournament #2301843878, $1.40+$0.10 USD Hold'em No Limit - Match Round II, Level IV (25/50) - 2018/05/10 23:25:47 CET [2018/05/10 17:25:47 ET]
Table '2301843878 1' 2-max Seat #2 is the button
Seat 1: Rolcsi1979 (2305 in chips) 
Seat 2: ollikahn23 (695 in chips) 
ollikahn23: posts small blind 25
Rolcsi1979: posts big blind 50
*** HOLE CARDS ***
Dealt to ollikahn23 [Ad 3c]
ollikahn23: raises 50 to 100
Rolcsi1979: calls 50
*** FLOP *** [4c 8s Qh]
Rolcsi1979: checks 
ollikahn23: checks 
*** TURN *** [4c 8s Qh] [5h]
Rolcsi1979: checks 
ollikahn23: checks 
*** RIVER *** [4c 8s Qh 5h] [Kc]
Rolcsi1979: bets 50
ollikahn23: calls 50
*** SHOW DOWN ***
Rolcsi1979: shows [6h Ac] (high card Ace)
ollikahn23: mucks hand 
Rolcsi1979 collected 300 from pot
*** SUMMARY ***
Total pot 300 | Rake 0 
Board [4c 8s Qh 5h Kc]
Seat 1: Rolcsi1979 (big blind) showed [6h Ac] and won (300) with high card Ace
Seat 2: ollikahn23 (button) (small blind) mucked [Ad 3c]



PokerStars Hand #186263771770: Tournament #2301843878, $1.40+$0.10 USD Hold'em No Limit - Match Round II, Level IV (25/50) - 2018/05/10 23:26:10 CET [2018/05/10 17:26:10 ET]
Table '2301843878 1' 2-max Seat #1 is the button
Seat 1: Rolcsi1979 (2455 in chips) 
Seat 2: ollikahn23 (545 in chips) 
Rolcsi1979: posts small blind 25
ollikahn23: posts big blind 50
*** HOLE CARDS ***
Dealt to ollikahn23 [2c As]
Rolcsi1979: calls 25
ollikahn23: checks 
*** FLOP *** [3c Qd Js]
ollikahn23: checks 
Rolcsi1979: checks 
*** TURN *** [3c Qd Js] [8h]
ollikahn23: checks 
Rolcsi1979: bets 50
ollikahn23: folds 
Uncalled bet (50) returned to Rolcsi1979
Rolcsi1979 collected 100 from pot
Rolcsi1979: doesn't show hand 
*** SUMMARY ***
Total pot 100 | Rake 0 
Board [3c Qd Js 8h]
Seat 1: Rolcsi1979 (button) (small blind) collected (100)
Seat 2: ollikahn23 (big blind) folded on the Turn



PokerStars Hand #186263787450: Tournament #2301843878, $1.40+$0.10 USD Hold'em No Limit - Match Round II, Level V (30/60) - 2018/05/10 23:26:29 CET [2018/05/10 17:26:29 ET]
Table '2301843878 1' 2-max Seat #2 is the button
Seat 1: Rolcsi1979 (2505 in chips) 
Seat 2: ollikahn23 (495 in chips) 
ollikahn23: posts small blind 30
Rolcsi1979: posts big blind 60
*** HOLE CARDS ***
Dealt to ollikahn23 [3c Jd]
ollikahn23: folds 
Uncalled bet (30) returned to Rolcsi1979
Rolcsi1979 collected 60 from pot
Rolcsi1979: doesn't show hand 
*** SUMMARY ***
Total pot 60 | Rake 0 
Seat 1: Rolcsi1979 (big blind) collected (60)
Seat 2: ollikahn23 (button) (small blind) folded before Flop



PokerStars Hand #186263792514: Tournament #2301843878, $1.40+$0.10 USD Hold'em No Limit - Match Round II, Level V (30/60) - 2018/05/10 23:26:36 CET [2018/05/10 17:26:36 ET]
Table '2301843878 1' 2-max Seat #1 is the button
Seat 1: Rolcsi1979 (2535 in chips) 
Seat 2: ollikahn23 (465 in chips) 
Rolcsi1979: posts small blind 30
ollikahn23: posts big blind 60
*** HOLE CARDS ***
Dealt to ollikahn23 [8s Qh]
Rolcsi1979: calls 30
ollikahn23: checks 
*** FLOP *** [Ah Kh 5h]
ollikahn23: checks 
Rolcsi1979: bets 60
ollikahn23: raises 95 to 155
Rolcsi1979: folds 
Uncalled bet (95) returned to ollikahn23
ollikahn23 collected 240 from pot
ollikahn23: doesn't show hand 
*** SUMMARY ***
Total pot 240 | Rake 0 
Board [Ah Kh 5h]
Seat 1: Rolcsi1979 (button) (small blind) folded on the Flop
Seat 2: ollikahn23 (big blind) collected (240)



PokerStars Hand #186263805972: Tournament #2301843878, $1.40+$0.10 USD Hold'em No Limit - Match Round II, Level V (30/60) - 2018/05/10 23:26:53 CET [2018/05/10 17:26:53 ET]
Table '2301843878 1' 2-max Seat #2 is the button
Seat 1: Rolcsi1979 (2415 in chips) 
Seat 2: ollikahn23 (585 in chips) 
ollikahn23: posts small blind 30
Rolcsi1979: posts big blind 60
*** HOLE CARDS ***
Dealt to ollikahn23 [Qs Ah]
ollikahn23: raises 60 to 120
Rolcsi1979: raises 2295 to 2415 and is all-in
ollikahn23: calls 465 and is all-in
Uncalled bet (1830) returned to Rolcsi1979
*** FLOP *** [Th Ks 2h]
*** TURN *** [Th Ks 2h] [Qc]
*** RIVER *** [Th Ks 2h Qc] [9d]
*** SHOW DOWN ***
Rolcsi1979: shows [Ac 6c] (high card Ace)
ollikahn23: shows [Qs Ah] (a pair of Queens)
ollikahn23 collected 1170 from pot
*** SUMMARY ***
Total pot 1170 | Rake 0 
Board [Th Ks 2h Qc 9d]
Seat 1: Rolcsi1979 (big blind) showed [Ac 6c] and lost with high card Ace
Seat 2: ollikahn23 (button) (small blind) showed [Qs Ah] and won (1170) with a pair of Queens



PokerStars Hand #186263817532: Tournament #2301843878, $1.40+$0.10 USD Hold'em No Limit - Match Round II, Level V (30/60) - 2018/05/10 23:27:07 CET [2018/05/10 17:27:07 ET]
Table '2301843878 1' 2-max Seat #1 is the button
Seat 1: Rolcsi1979 (1830 in chips) 
Seat 2: ollikahn23 (1170 in chips) 
Rolcsi1979: posts small blind 30
ollikahn23: posts big blind 60
*** HOLE CARDS ***
Dealt to ollikahn23 [3c As]
Rolcsi1979: folds 
Uncalled bet (30) returned to ollikahn23
ollikahn23 collected 60 from pot
ollikahn23: doesn't show hand 
*** SUMMARY ***
Total pot 60 | Rake 0 
Seat 1: Rolcsi1979 (button) (small blind) folded before Flop
Seat 2: ollikahn23 (big blind) collected (60)



PokerStars Hand #186263822111: Tournament #2301843878, $1.40+$0.10 USD Hold'em No Limit - Match Round II, Level V (30/60) - 2018/05/10 23:27:13 CET [2018/05/10 17:27:13 ET]
Table '2301843878 1' 2-max Seat #2 is the button
Seat 1: Rolcsi1979 (1800 in chips) 
Seat 2: ollikahn23 (1200 in chips) 
ollikahn23: posts small blind 30
Rolcsi1979: posts big blind 60
*** HOLE CARDS ***
Dealt to ollikahn23 [Js 5s]
ollikahn23: raises 60 to 120
Rolcsi1979: raises 1680 to 1800 and is all-in
ollikahn23: folds 
Uncalled bet (1680) returned to Rolcsi1979
Rolcsi1979 collected 240 from pot
Rolcsi1979: doesn't show hand 
*** SUMMARY ***
Total pot 240 | Rake 0 
Seat 1: Rolcsi1979 (big blind) collected (240)
Seat 2: ollikahn23 (button) (small blind) folded before Flop



PokerStars Hand #186263832448: Tournament #2301843878, $1.40+$0.10 USD Hold'em No Limit - Match Round II, Level V (30/60) - 2018/05/10 23:27:26 CET [2018/05/10 17:27:26 ET]
Table '2301843878 1' 2-max Seat #1 is the button
Seat 1: Rolcsi1979 (1920 in chips) 
Seat 2: ollikahn23 (1080 in chips) 
Rolcsi1979: posts small blind 30
ollikahn23: posts big blind 60
*** HOLE CARDS ***
Dealt to ollikahn23 [6c 7c]
Rolcsi1979: raises 1860 to 1920 and is all-in
ollikahn23: folds 
Uncalled bet (1860) returned to Rolcsi1979
Rolcsi1979 collected 120 from pot
Rolcsi1979: doesn't show hand 
*** SUMMARY ***
Total pot 120 | Rake 0 
Seat 1: Rolcsi1979 (button) (small blind) collected (120)
Seat 2: ollikahn23 (big blind) folded before Flop



PokerStars Hand #186263838648: Tournament #2301843878, $1.40+$0.10 USD Hold'em No Limit - Match Round II, Level V (30/60) - 2018/05/10 23:27:34 CET [2018/05/10 17:27:34 ET]
Table '2301843878 1' 2-max Seat #2 is the button
Seat 1: Rolcsi1979 (1980 in chips) 
Seat 2: ollikahn23 (1020 in chips) 
ollikahn23: posts small blind 30
Rolcsi1979: posts big blind 60
*** HOLE CARDS ***
Dealt to ollikahn23 [7c As]
ollikahn23: calls 30
Rolcsi1979: checks 
*** FLOP *** [6s Qc 9d]
Rolcsi1979: checks 
ollikahn23: checks 
*** TURN *** [6s Qc 9d] [2s]
Rolcsi1979: bets 60
ollikahn23: folds 
Uncalled bet (60) returned to Rolcsi1979
Rolcsi1979 collected 120 from pot
Rolcsi1979: doesn't show hand 
*** SUMMARY ***
Total pot 120 | Rake 0 
Board [6s Qc 9d 2s]
Seat 1: Rolcsi1979 (big blind) collected (120)
Seat 2: ollikahn23 (button) (small blind) folded on the Turn



PokerStars Hand #186263851412: Tournament #2301843878, $1.40+$0.10 USD Hold'em No Limit - Match Round II, Level V (30/60) - 2018/05/10 23:27:50 CET [2018/05/10 17:27:50 ET]
Table '2301843878 1' 2-max Seat #1 is the button
Seat 1: Rolcsi1979 (2040 in chips) 
Seat 2: ollikahn23 (960 in chips) 
Rolcsi1979: posts small blind 30
ollikahn23: posts big blind 60
*** HOLE CARDS ***
Dealt to ollikahn23 [2s Kd]
Rolcsi1979: calls 30
ollikahn23: checks 
*** FLOP *** [9h Td 8s]
ollikahn23: checks 
Rolcsi1979: checks 
*** TURN *** [9h Td 8s] [8d]
ollikahn23: checks 
Rolcsi1979: checks 
*** RIVER *** [9h Td 8s 8d] [2c]
ollikahn23: checks 
Rolcsi1979: checks 
*** SHOW DOWN ***
ollikahn23: shows [2s Kd] (two pair, Eights and Deuces)
Rolcsi1979: mucks hand 
ollikahn23 collected 120 from pot
*** SUMMARY ***
Total pot 120 | Rake 0 
Board [9h Td 8s 8d 2c]
Seat 1: Rolcsi1979 (button) (small blind) mucked [5h Jh]
Seat 2: ollikahn23 (big blind) showed [2s Kd] and won (120) with two pair, Eights and Deuces



PokerStars Hand #186263863029: Tournament #2301843878, $1.40+$0.10 USD Hold'em No Limit - Match Round II, Level V (30/60) - 2018/05/10 23:28:04 CET [2018/05/10 17:28:04 ET]
Table '2301843878 1' 2-max Seat #2 is the button
Seat 1: Rolcsi1979 (1980 in chips) 
Seat 2: ollikahn23 (1020 in chips) 
ollikahn23: posts small blind 30
Rolcsi1979: posts big blind 60
*** HOLE CARDS ***
Dealt to ollikahn23 [8d 3d]
ollikahn23: folds 
Uncalled bet (30) returned to Rolcsi1979
Rolcsi1979 collected 60 from pot
Rolcsi1979: doesn't show hand 
*** SUMMARY ***
Total pot 60 | Rake 0 
Seat 1: Rolcsi1979 (big blind) collected (60)
Seat 2: ollikahn23 (button) (small blind) folded before Flop



PokerStars Hand #186263869519: Tournament #2301843878, $1.40+$0.10 USD Hold'em No Limit - Match Round II, Level V (30/60) - 2018/05/10 23:28:13 CET [2018/05/10 17:28:13 ET]
Table '2301843878 1' 2-max Seat #1 is the button
Seat 1: Rolcsi1979 (2010 in chips) 
Seat 2: ollikahn23 (990 in chips) 
Rolcsi1979: posts small blind 30
ollikahn23: posts big blind 60
*** HOLE CARDS ***
Dealt to ollikahn23 [Kc As]
Rolcsi1979: calls 30
ollikahn23: raises 120 to 180
Rolcsi1979: folds 
Uncalled bet (120) returned to ollikahn23
ollikahn23 collected 120 from pot
ollikahn23: doesn't show hand 
*** SUMMARY ***
Total pot 120 | Rake 0 
Seat 1: Rolcsi1979 (button) (small blind) folded before Flop
Seat 2: ollikahn23 (big blind) collected (120)



PokerStars Hand #186263876812: Tournament #2301843878, $1.40+$0.10 USD Hold'em No Limit - Match Round II, Level V (30/60) - 2018/05/10 23:28:22 CET [2018/05/10 17:28:22 ET]
Table '2301843878 1' 2-max Seat #2 is the button
Seat 1: Rolcsi1979 (1950 in chips) 
Seat 2: ollikahn23 (1050 in chips) 
ollikahn23: posts small blind 30
Rolcsi1979: posts big blind 60
*** HOLE CARDS ***
Dealt to ollikahn23 [4d As]
ollikahn23: raises 60 to 120
Rolcsi1979: calls 60
*** FLOP *** [Ts 9s 4c]
Rolcsi1979: bets 1830 and is all-in
ollikahn23: folds 
Uncalled bet (1830) returned to Rolcsi1979
Rolcsi1979 collected 240 from pot
Rolcsi1979: doesn't show hand 
*** SUMMARY ***
Total pot 240 | Rake 0 
Board [Ts 9s 4c]
Seat 1: Rolcsi1979 (big blind) collected (240)
Seat 2: ollikahn23 (button) (small blind) folded on the Flop



PokerStars Hand #186263889602: Tournament #2301843878, $1.40+$0.10 USD Hold'em No Limit - Match Round II, Level V (30/60) - 2018/05/10 23:28:38 CET [2018/05/10 17:28:38 ET]
Table '2301843878 1' 2-max Seat #1 is the button
Seat 1: Rolcsi1979 (2070 in chips) 
Seat 2: ollikahn23 (930 in chips) 
Rolcsi1979: posts small blind 30
ollikahn23: posts big blind 60
*** HOLE CARDS ***
Dealt to ollikahn23 [3d 2d]
Rolcsi1979: calls 30
ollikahn23: checks 
*** FLOP *** [4h 8d 6c]
ollikahn23: checks 
Rolcsi1979: checks 
*** TURN *** [4h 8d 6c] [9h]
ollikahn23: checks 
Rolcsi1979: checks 
*** RIVER *** [4h 8d 6c 9h] [Kd]
ollikahn23: bets 75
Rolcsi1979: raises 75 to 150
ollikahn23: folds 
Uncalled bet (75) returned to Rolcsi1979
Rolcsi1979 collected 270 from pot
Rolcsi1979: doesn't show hand 
*** SUMMARY ***
Total pot 270 | Rake 0 
Board [4h 8d 6c 9h Kd]
Seat 1: Rolcsi1979 (button) (small blind) collected (270)
Seat 2: ollikahn23 (big blind) folded on the River



PokerStars Hand #186263907026: Tournament #2301843878, $1.40+$0.10 USD Hold'em No Limit - Match Round II, Level V (30/60) - 2018/05/10 23:29:00 CET [2018/05/10 17:29:00 ET]
Table '2301843878 1' 2-max Seat #2 is the button
Seat 1: Rolcsi1979 (2205 in chips) 
Seat 2: ollikahn23 (795 in chips) 
ollikahn23: posts small blind 30
Rolcsi1979: posts big blind 60
*** HOLE CARDS ***
Dealt to ollikahn23 [6c Td]
ollikahn23: folds 
Uncalled bet (30) returned to Rolcsi1979
Rolcsi1979 collected 60 from pot
Rolcsi1979: doesn't show hand 
*** SUMMARY ***
Total pot 60 | Rake 0 
Seat 1: Rolcsi1979 (big blind) collected (60)
Seat 2: ollikahn23 (button) (small blind) folded before Flop



PokerStars Hand #186263911528: Tournament #2301843878, $1.40+$0.10 USD Hold'em No Limit - Match Round II, Level V (30/60) - 2018/05/10 23:29:05 CET [2018/05/10 17:29:05 ET]
Table '2301843878 1' 2-max Seat #1 is the button
Seat 1: Rolcsi1979 (2235 in chips) 
Seat 2: ollikahn23 (765 in chips) 
Rolcsi1979: posts small blind 30
ollikahn23: posts big blind 60
*** HOLE CARDS ***
Dealt to ollikahn23 [6c 5s]
Rolcsi1979: calls 30
ollikahn23: checks 
*** FLOP *** [9d Kd 2c]
ollikahn23: checks 
Rolcsi1979: checks 
*** TURN *** [9d Kd 2c] [Ts]
ollikahn23: checks 
Rolcsi1979: checks 
*** RIVER *** [9d Kd 2c Ts] [5d]
ollikahn23: checks 
Rolcsi1979: bets 120
ollikahn23: calls 120
*** SHOW DOWN ***
Rolcsi1979: shows [Jd 6d] (a flush, King high)
ollikahn23: mucks hand 
Rolcsi1979 collected 360 from pot
*** SUMMARY ***
Total pot 360 | Rake 0 
Board [9d Kd 2c Ts 5d]
Seat 1: Rolcsi1979 (button) (small blind) showed [Jd 6d] and won (360) with a flush, King high
Seat 2: ollikahn23 (big blind) mucked [6c 5s]



PokerStars Hand #186263928154: Tournament #2301843878, $1.40+$0.10 USD Hold'em No Limit - Match Round II, Level VI (40/80) - 2018/05/10 23:29:26 CET [2018/05/10 17:29:26 ET]
Table '2301843878 1' 2-max Seat #2 is the button
Seat 1: Rolcsi1979 (2415 in chips) 
Seat 2: ollikahn23 (585 in chips) 
ollikahn23: posts small blind 40
Rolcsi1979: posts big blind 80
*** HOLE CARDS ***
Dealt to ollikahn23 [7s 4d]
ollikahn23: folds 
Uncalled bet (40) returned to Rolcsi1979
Rolcsi1979 collected 80 from pot
Rolcsi1979: doesn't show hand 
*** SUMMARY ***
Total pot 80 | Rake 0 
Seat 1: Rolcsi1979 (big blind) collected (80)
Seat 2: ollikahn23 (button) (small blind) folded before Flop



PokerStars Hand #186263932284: Tournament #2301843878, $1.40+$0.10 USD Hold'em No Limit - Match Round II, Level VI (40/80) - 2018/05/10 23:29:32 CET [2018/05/10 17:29:32 ET]
Table '2301843878 1' 2-max Seat #1 is the button
Seat 1: Rolcsi1979 (2455 in chips) 
Seat 2: ollikahn23 (545 in chips) 
Rolcsi1979: posts small blind 40
ollikahn23: posts big blind 80
*** HOLE CARDS ***
Dealt to ollikahn23 [Jd 2h]
Rolcsi1979: raises 2375 to 2455 and is all-in
ollikahn23: folds 
Uncalled bet (2375) returned to Rolcsi1979
Rolcsi1979 collected 160 from pot
Rolcsi1979: doesn't show hand 
*** SUMMARY ***
Total pot 160 | Rake 0 
Seat 1: Rolcsi1979 (button) (small blind) collected (160)
Seat 2: ollikahn23 (big blind) folded before Flop



PokerStars Hand #186263938438: Tournament #2301843878, $1.40+$0.10 USD Hold'em No Limit - Match Round II, Level VI (40/80) - 2018/05/10 23:29:39 CET [2018/05/10 17:29:39 ET]
Table '2301843878 1' 2-max Seat #2 is the button
Seat 1: Rolcsi1979 (2535 in chips) 
Seat 2: ollikahn23 (465 in chips) 
ollikahn23: posts small blind 40
Rolcsi1979: posts big blind 80
*** HOLE CARDS ***
Dealt to ollikahn23 [9d Ah]
ollikahn23: raises 80 to 160
Rolcsi1979: calls 80
*** FLOP *** [9c 4s Qd]
Rolcsi1979: checks 
ollikahn23: bets 120
Rolcsi1979: folds 
Uncalled bet (120) returned to ollikahn23
ollikahn23 collected 320 from pot
ollikahn23: doesn't show hand 
*** SUMMARY ***
Total pot 320 | Rake 0 
Board [9c 4s Qd]
Seat 1: Rolcsi1979 (big blind) folded on the Flop
Seat 2: ollikahn23 (button) (small blind) collected (320)



PokerStars Hand #186263953687: Tournament #2301843878, $1.40+$0.10 USD Hold'em No Limit - Match Round II, Level VI (40/80) - 2018/05/10 23:29:59 CET [2018/05/10 17:29:59 ET]
Table '2301843878 1' 2-max Seat #1 is the button
Seat 1: Rolcsi1979 (2375 in chips) 
Seat 2: ollikahn23 (625 in chips) 
Rolcsi1979: posts small blind 40
ollikahn23: posts big blind 80
*** HOLE CARDS ***
Dealt to ollikahn23 [5s 5d]
Rolcsi1979: calls 40
ollikahn23: raises 545 to 625 and is all-in
Rolcsi1979: calls 545
*** FLOP *** [9h 9c Ks]
*** TURN *** [9h 9c Ks] [3c]
*** RIVER *** [9h 9c Ks 3c] [Jh]
*** SHOW DOWN ***
ollikahn23: shows [5s 5d] (two pair, Nines and Fives)
Rolcsi1979: shows [Qd Qc] (two pair, Queens and Nines)
Rolcsi1979 collected 1250 from pot
ollikahn23 finished the tournament in 2nd place
Rolcsi1979 wins the tournament and receives $5.60 - congratulations!
*** SUMMARY ***
Total pot 1250 | Rake 0 
Board [9h 9c Ks 3c Jh]
Seat 1: Rolcsi1979 (button) (small blind) showed [Qd Qc] and won (1250) with two pair, Queens and Nines
Seat 2: ollikahn23 (big blind) showed [5s 5d] and lost with two pair, Nines and Fives



